%YAML 1.1
%TAG !u! tag:unity3d.com,2011:
--- !u!54 &7818267581551138028
Rigidbody:
  m_ObjectHideFlags: 0
  m_CorrespondingSourceObject: {fileID: 0}
  m_PrefabInstance: {fileID: 0}
  m_PrefabAsset: {fileID: 0}
  m_GameObject: {fileID: 52968098453221747}
  serializedVersion: 2
  m_Mass: 1
  m_Drag: 0
  m_AngularDrag: 0.05
  m_UseGravity: 0
  m_IsKinematic: 0
  m_Interpolate: 0
  m_Constraints: 0
  m_CollisionDetection: 0
--- !u!65 &8650028484373765094
BoxCollider:
  m_ObjectHideFlags: 0
  m_CorrespondingSourceObject: {fileID: 0}
  m_PrefabInstance: {fileID: 0}
  m_PrefabAsset: {fileID: 0}
  m_GameObject: {fileID: 52968098453221747}
  m_Material: {fileID: 0}
  m_IsTrigger: 1
  m_Enabled: 1
  serializedVersion: 2
  m_Size: {x: 7.7148695, y: 12.095756, z: 8.4397545}
  m_Center: {x: -0.6844791, y: -0.07817602, z: -0.005548477}
--- !u!54 &8509619918205871318
Rigidbody:
  m_ObjectHideFlags: 0
  m_CorrespondingSourceObject: {fileID: 0}
  m_PrefabInstance: {fileID: 0}
  m_PrefabAsset: {fileID: 0}
  m_GameObject: {fileID: 128238882586617623}
  serializedVersion: 2
  m_Mass: 1
  m_Drag: 0
  m_AngularDrag: 0.05
  m_UseGravity: 0
  m_IsKinematic: 0
  m_Interpolate: 0
  m_Constraints: 0
  m_CollisionDetection: 0
--- !u!65 &7951758527224657585
BoxCollider:
  m_ObjectHideFlags: 0
  m_CorrespondingSourceObject: {fileID: 0}
  m_PrefabInstance: {fileID: 0}
  m_PrefabAsset: {fileID: 0}
  m_GameObject: {fileID: 128238882586617623}
  m_Material: {fileID: 0}
  m_IsTrigger: 1
  m_Enabled: 1
  serializedVersion: 2
  m_Size: {x: 3.8550484, y: 8.6034355, z: 6.12559}
  m_Center: {x: 0.24494231, y: -0.9456712, z: 0.06859827}
--- !u!54 &763198928515952904
Rigidbody:
  m_ObjectHideFlags: 0
  m_CorrespondingSourceObject: {fileID: 0}
  m_PrefabInstance: {fileID: 0}
  m_PrefabAsset: {fileID: 0}
  m_GameObject: {fileID: 767823799592391571}
  serializedVersion: 2
  m_Mass: 1
  m_Drag: 0
  m_AngularDrag: 0.05
  m_UseGravity: 0
  m_IsKinematic: 0
  m_Interpolate: 0
  m_Constraints: 0
  m_CollisionDetection: 0
--- !u!65 &6683779446858146232
BoxCollider:
  m_ObjectHideFlags: 0
  m_CorrespondingSourceObject: {fileID: 0}
  m_PrefabInstance: {fileID: 0}
  m_PrefabAsset: {fileID: 0}
  m_GameObject: {fileID: 767823799592391571}
  m_Material: {fileID: 0}
  m_IsTrigger: 1
  m_Enabled: 1
  serializedVersion: 2
  m_Size: {x: 5.8048778, y: 8.352288, z: 16.209381}
  m_Center: {x: -0.39034247, y: 4.176144, z: -0.106595516}
--- !u!54 &8008723006497403397
Rigidbody:
  m_ObjectHideFlags: 0
  m_CorrespondingSourceObject: {fileID: 0}
  m_PrefabInstance: {fileID: 0}
  m_PrefabAsset: {fileID: 0}
  m_GameObject: {fileID: 807067288988206338}
  serializedVersion: 2
  m_Mass: 1
  m_Drag: 0
  m_AngularDrag: 0.05
  m_UseGravity: 0
  m_IsKinematic: 0
  m_Interpolate: 0
  m_Constraints: 0
  m_CollisionDetection: 0
--- !u!65 &7667366845950667307
BoxCollider:
  m_ObjectHideFlags: 0
  m_CorrespondingSourceObject: {fileID: 0}
  m_PrefabInstance: {fileID: 0}
  m_PrefabAsset: {fileID: 0}
  m_GameObject: {fileID: 807067288988206338}
  m_Material: {fileID: 0}
  m_IsTrigger: 1
  m_Enabled: 1
  serializedVersion: 2
  m_Size: {x: 3.8550484, y: 8.6034355, z: 6.12559}
  m_Center: {x: 0.24494231, y: -0.9456712, z: 0.06859827}
--- !u!54 &7492991356388441748
Rigidbody:
  m_ObjectHideFlags: 0
  m_CorrespondingSourceObject: {fileID: 0}
  m_PrefabInstance: {fileID: 0}
  m_PrefabAsset: {fileID: 0}
  m_GameObject: {fileID: 1178817249735490657}
  serializedVersion: 2
  m_Mass: 1
  m_Drag: 0
  m_AngularDrag: 0.05
  m_UseGravity: 0
  m_IsKinematic: 0
  m_Interpolate: 0
  m_Constraints: 0
  m_CollisionDetection: 0
--- !u!65 &1333371608129487733
BoxCollider:
  m_ObjectHideFlags: 0
  m_CorrespondingSourceObject: {fileID: 0}
  m_PrefabInstance: {fileID: 0}
  m_PrefabAsset: {fileID: 0}
  m_GameObject: {fileID: 1178817249735490657}
  m_Material: {fileID: 0}
  m_IsTrigger: 1
  m_Enabled: 1
  serializedVersion: 2
  m_Size: {x: 6.046856, y: 6.700001, z: 10.044073}
  m_Center: {x: 10.299976, y: 4.750003, z: 0.00002527237}
--- !u!54 &627151705273403458
Rigidbody:
  m_ObjectHideFlags: 0
  m_CorrespondingSourceObject: {fileID: 0}
  m_PrefabInstance: {fileID: 0}
  m_PrefabAsset: {fileID: 0}
  m_GameObject: {fileID: 1179524621958340663}
  serializedVersion: 2
  m_Mass: 1
  m_Drag: 0
  m_AngularDrag: 0.05
  m_UseGravity: 0
  m_IsKinematic: 0
  m_Interpolate: 0
  m_Constraints: 0
  m_CollisionDetection: 0
--- !u!65 &3048410624585771828
BoxCollider:
  m_ObjectHideFlags: 0
  m_CorrespondingSourceObject: {fileID: 0}
  m_PrefabInstance: {fileID: 0}
  m_PrefabAsset: {fileID: 0}
  m_GameObject: {fileID: 1179524621958340663}
  m_Material: {fileID: 0}
  m_IsTrigger: 1
  m_Enabled: 1
  serializedVersion: 2
  m_Size: {x: 0.5086218, y: 3.9661036, z: 3.9661024}
  m_Center: {x: 0.00000013411045, y: 7.527992, z: -0.00040066242}
--- !u!1 &4020528354604420531
GameObject:
  m_ObjectHideFlags: 0
  m_CorrespondingSourceObject: {fileID: 0}
  m_PrefabInstance: {fileID: 0}
  m_PrefabAsset: {fileID: 0}
  serializedVersion: 6
  m_Component:
  - component: {fileID: 4020528354604420543}
  - component: {fileID: 4020528354604420542}
  - component: {fileID: 4020528354604420541}
  - component: {fileID: 4020528354604420540}
  m_Layer: 0
  m_Name: Floor 5
  m_TagString: Untagged
  m_Icon: {fileID: 0}
  m_NavMeshLayer: 0
  m_StaticEditorFlags: 0
  m_IsActive: 1
--- !u!4 &4020528354604420543
Transform:
  m_ObjectHideFlags: 0
  m_CorrespondingSourceObject: {fileID: 0}
  m_PrefabInstance: {fileID: 0}
  m_PrefabAsset: {fileID: 0}
  m_GameObject: {fileID: 4020528354604420531}
  m_LocalRotation: {x: 0, y: 0, z: 0, w: 1}
  m_LocalPosition: {x: 0, y: 0, z: 20}
  m_LocalScale: {x: 10, y: 10, z: 10}
  m_Children:
  - {fileID: 5324638718969668502}
  - {fileID: 4348509954200695242}
  - {fileID: 8499219581247184384}
  - {fileID: 7901524703520642036}
  - {fileID: 52968098453370597}
  - {fileID: 7498974463501927756}
  - {fileID: 5625676086338354168}
  - {fileID: 4569711743216223972}
  - {fileID: 128238882586194573}
  - {fileID: 807067288988307608}
  - {fileID: 6910768463881029876}
  - {fileID: 8678473155504385543}
  - {fileID: 4954941697230324917}
  - {fileID: 769178844446092919}
  - {fileID: 7286738990830695858}
  - {fileID: 1176648296736870291}
  - {fileID: 5606162154970447736}
  - {fileID: 8876836756849809239}
  - {fileID: 1710656566872018806}
  - {fileID: 8513258948895325197}
  - {fileID: 1944480497966913751}
  m_Father: {fileID: 0}
  m_RootOrder: 0
  m_LocalEulerAnglesHint: {x: 0, y: 0, z: 0}
--- !u!33 &4020528354604420542
MeshFilter:
  m_ObjectHideFlags: 0
  m_CorrespondingSourceObject: {fileID: 0}
  m_PrefabInstance: {fileID: 0}
  m_PrefabAsset: {fileID: 0}
  m_GameObject: {fileID: 4020528354604420531}
  m_Mesh: {fileID: 10209, guid: 0000000000000000e000000000000000, type: 0}
--- !u!64 &4020528354604420541
MeshCollider:
  m_ObjectHideFlags: 0
  m_CorrespondingSourceObject: {fileID: 0}
  m_PrefabInstance: {fileID: 0}
  m_PrefabAsset: {fileID: 0}
  m_GameObject: {fileID: 4020528354604420531}
  m_Material: {fileID: 0}
  m_IsTrigger: 0
  m_Enabled: 1
  serializedVersion: 3
  m_Convex: 0
  m_CookingOptions: 14
  m_Mesh: {fileID: 10209, guid: 0000000000000000e000000000000000, type: 0}
--- !u!23 &4020528354604420540
MeshRenderer:
  m_ObjectHideFlags: 0
  m_CorrespondingSourceObject: {fileID: 0}
  m_PrefabInstance: {fileID: 0}
  m_PrefabAsset: {fileID: 0}
  m_GameObject: {fileID: 4020528354604420531}
  m_Enabled: 1
  m_CastShadows: 1
  m_ReceiveShadows: 1
  m_DynamicOccludee: 1
  m_MotionVectors: 1
  m_LightProbeUsage: 1
  m_ReflectionProbeUsage: 1
  m_RenderingLayerMask: 1
  m_RendererPriority: 0
  m_Materials:
  - {fileID: 2100000, guid: 7960367e7c625474b88037cdb7d6f9d7, type: 2}
  m_StaticBatchInfo:
    firstSubMesh: 0
    subMeshCount: 0
  m_StaticBatchRoot: {fileID: 0}
  m_ProbeAnchor: {fileID: 0}
  m_LightProbeVolumeOverride: {fileID: 0}
  m_ScaleInLightmap: 1
  m_ReceiveGI: 1
  m_PreserveUVs: 1
  m_IgnoreNormalsForChartDetection: 0
  m_ImportantGI: 0
  m_StitchLightmapSeams: 1
  m_SelectedEditorRenderState: 3
  m_MinimumChartSize: 4
  m_AutoUVMaxDistance: 0.5
  m_AutoUVMaxAngle: 89
  m_LightmapParameters: {fileID: 0}
  m_SortingLayerID: 0
  m_SortingLayer: 0
  m_SortingOrder: 0
--- !u!54 &6639096935753896344
Rigidbody:
  m_ObjectHideFlags: 0
  m_CorrespondingSourceObject: {fileID: 0}
  m_PrefabInstance: {fileID: 0}
  m_PrefabAsset: {fileID: 0}
  m_GameObject: {fileID: 4348509954200880874}
  serializedVersion: 2
  m_Mass: 1
  m_Drag: 0
  m_AngularDrag: 0.05
  m_UseGravity: 0
  m_IsKinematic: 0
  m_Interpolate: 0
  m_Constraints: 0
  m_CollisionDetection: 0
--- !u!65 &2200176608849833657
BoxCollider:
  m_ObjectHideFlags: 0
  m_CorrespondingSourceObject: {fileID: 0}
  m_PrefabInstance: {fileID: 0}
  m_PrefabAsset: {fileID: 0}
  m_GameObject: {fileID: 4348509954200880874}
  m_Material: {fileID: 0}
  m_IsTrigger: 1
  m_Enabled: 1
  serializedVersion: 2
  m_Size: {x: 4.433127, y: 14.045235, z: 4.4551487}
  m_Center: {x: -0.030559063, y: 0.11934972, z: 0.22201216}
--- !u!54 &5070205187174843190
Rigidbody:
  m_ObjectHideFlags: 0
  m_CorrespondingSourceObject: {fileID: 0}
  m_PrefabInstance: {fileID: 0}
  m_PrefabAsset: {fileID: 0}
  m_GameObject: {fileID: 4569711743216075122}
  serializedVersion: 2
  m_Mass: 1
  m_Drag: 0
  m_AngularDrag: 0.05
  m_UseGravity: 0
  m_IsKinematic: 0
  m_Interpolate: 0
  m_Constraints: 0
  m_CollisionDetection: 0
--- !u!65 &6198587372130895629
BoxCollider:
  m_ObjectHideFlags: 0
  m_CorrespondingSourceObject: {fileID: 0}
  m_PrefabInstance: {fileID: 0}
  m_PrefabAsset: {fileID: 0}
  m_GameObject: {fileID: 4569711743216075122}
  m_Material: {fileID: 0}
  m_IsTrigger: 1
  m_Enabled: 1
  serializedVersion: 2
  m_Size: {x: 7.7148695, y: 12.095756, z: 8.4397545}
  m_Center: {x: -0.6844791, y: -0.07817602, z: -0.005548477}
--- !u!54 &8760114381995657658
Rigidbody:
  m_ObjectHideFlags: 0
  m_CorrespondingSourceObject: {fileID: 0}
  m_PrefabInstance: {fileID: 0}
  m_PrefabAsset: {fileID: 0}
  m_GameObject: {fileID: 4956222937831094609}
  serializedVersion: 2
  m_Mass: 1
  m_Drag: 0
  m_AngularDrag: 0.05
  m_UseGravity: 0
  m_IsKinematic: 0
  m_Interpolate: 0
  m_Constraints: 0
  m_CollisionDetection: 0
--- !u!65 &8754085861624576422
BoxCollider:
  m_ObjectHideFlags: 0
  m_CorrespondingSourceObject: {fileID: 0}
  m_PrefabInstance: {fileID: 0}
  m_PrefabAsset: {fileID: 0}
  m_GameObject: {fileID: 4956222937831094609}
  m_Material: {fileID: 0}
  m_IsTrigger: 1
  m_Enabled: 1
  serializedVersion: 2
  m_Size: {x: 5.8048778, y: 8.352288, z: 16.209381}
  m_Center: {x: -0.39034247, y: 4.176144, z: -0.106595516}
--- !u!54 &8499751257648723476
Rigidbody:
  m_ObjectHideFlags: 0
  m_CorrespondingSourceObject: {fileID: 0}
  m_PrefabInstance: {fileID: 0}
  m_PrefabAsset: {fileID: 0}
  m_GameObject: {fileID: 5324638718969837068}
  serializedVersion: 2
  m_Mass: 1
  m_Drag: 0
  m_AngularDrag: 0.05
  m_UseGravity: 0
  m_IsKinematic: 0
  m_Interpolate: 0
  m_Constraints: 0
  m_CollisionDetection: 0
--- !u!65 &6240150129500793399
BoxCollider:
  m_ObjectHideFlags: 0
  m_CorrespondingSourceObject: {fileID: 0}
  m_PrefabInstance: {fileID: 0}
  m_PrefabAsset: {fileID: 0}
  m_GameObject: {fileID: 5324638718969837068}
  m_Material: {fileID: 0}
  m_IsTrigger: 1
  m_Enabled: 1
  serializedVersion: 2
  m_Size: {x: 3.8550484, y: 8.6034355, z: 6.12559}
  m_Center: {x: 0.24494231, y: -0.9456712, z: 0.06859827}
--- !u!54 &5008499891142479743
Rigidbody:
  m_ObjectHideFlags: 0
  m_CorrespondingSourceObject: {fileID: 0}
  m_PrefabInstance: {fileID: 0}
  m_PrefabAsset: {fileID: 0}
  m_GameObject: {fileID: 5604376923538132282}
  serializedVersion: 2
  m_Mass: 1
  m_Drag: 0
  m_AngularDrag: 0.05
  m_UseGravity: 0
  m_IsKinematic: 0
  m_Interpolate: 0
  m_Constraints: 0
  m_CollisionDetection: 0
--- !u!65 &192924696462297432
BoxCollider:
  m_ObjectHideFlags: 0
  m_CorrespondingSourceObject: {fileID: 0}
  m_PrefabInstance: {fileID: 0}
  m_PrefabAsset: {fileID: 0}
  m_GameObject: {fileID: 5604376923538132282}
  m_Material: {fileID: 0}
  m_IsTrigger: 1
  m_Enabled: 1
  serializedVersion: 2
  m_Size: {x: 12.000002, y: 14.603432, z: 12.000002}
  m_Center: {x: 0, y: 7.301715, z: 0}
--- !u!54 &583822735273130996
Rigidbody:
  m_ObjectHideFlags: 0
  m_CorrespondingSourceObject: {fileID: 0}
  m_PrefabInstance: {fileID: 0}
  m_PrefabAsset: {fileID: 0}
  m_GameObject: {fileID: 5625676086338501742}
  serializedVersion: 2
  m_Mass: 1
  m_Drag: 0
  m_AngularDrag: 0.05
  m_UseGravity: 0
  m_IsKinematic: 0
  m_Interpolate: 0
  m_Constraints: 0
  m_CollisionDetection: 0
--- !u!65 &3461286869910081309
BoxCollider:
  m_ObjectHideFlags: 0
  m_CorrespondingSourceObject: {fileID: 0}
  m_PrefabInstance: {fileID: 0}
  m_PrefabAsset: {fileID: 0}
  m_GameObject: {fileID: 5625676086338501742}
  m_Material: {fileID: 0}
  m_IsTrigger: 1
  m_Enabled: 1
  serializedVersion: 2
  m_Size: {x: 7.7148695, y: 12.095756, z: 8.4397545}
  m_Center: {x: -0.6844791, y: -0.07817602, z: -0.005548477}
--- !u!1 &6790950453384370880
GameObject:
  m_ObjectHideFlags: 0
  m_CorrespondingSourceObject: {fileID: 0}
  m_PrefabInstance: {fileID: 0}
  m_PrefabAsset: {fileID: 0}
  serializedVersion: 6
  m_Component:
  - component: {fileID: 1944480497966913751}
  m_Layer: 0
  m_Name: Waypoint 4
  m_TagString: Waypoint
  m_Icon: {fileID: 0}
  m_NavMeshLayer: 0
  m_StaticEditorFlags: 0
  m_IsActive: 1
--- !u!4 &1944480497966913751
Transform:
  m_ObjectHideFlags: 0
  m_CorrespondingSourceObject: {fileID: 0}
  m_PrefabInstance: {fileID: 0}
  m_PrefabAsset: {fileID: 0}
  m_GameObject: {fileID: 6790950453384370880}
  m_LocalRotation: {x: 0, y: 0, z: 0, w: 1}
  m_LocalPosition: {x: -1.16, y: 0, z: 3.06}
  m_LocalScale: {x: 1, y: 1, z: 1}
  m_Children: []
  m_Father: {fileID: 4020528354604420543}
  m_RootOrder: 20
  m_LocalEulerAnglesHint: {x: 0, y: 0, z: 0}
--- !u!54 &4978935587092364968
Rigidbody:
  m_ObjectHideFlags: 0
  m_CorrespondingSourceObject: {fileID: 0}
  m_PrefabInstance: {fileID: 0}
  m_PrefabAsset: {fileID: 0}
  m_GameObject: {fileID: 6910768463881389016}
  serializedVersion: 2
  m_Mass: 1
  m_Drag: 0
  m_AngularDrag: 0.05
  m_UseGravity: 0
  m_IsKinematic: 0
  m_Interpolate: 0
  m_Constraints: 0
  m_CollisionDetection: 0
--- !u!65 &7136986970982564920
BoxCollider:
  m_ObjectHideFlags: 0
  m_CorrespondingSourceObject: {fileID: 0}
  m_PrefabInstance: {fileID: 0}
  m_PrefabAsset: {fileID: 0}
  m_GameObject: {fileID: 6910768463881389016}
  m_Material: {fileID: 0}
  m_IsTrigger: 1
  m_Enabled: 1
  serializedVersion: 2
  m_Size: {x: 4.0639234, y: 7.0433717, z: 4.0773473}
  m_Center: {x: -0.041887045, y: -1.3201091, z: 0.22334152}
--- !u!54 &1494704646100574881
Rigidbody:
  m_ObjectHideFlags: 0
  m_CorrespondingSourceObject: {fileID: 0}
  m_PrefabInstance: {fileID: 0}
  m_PrefabAsset: {fileID: 0}
  m_GameObject: {fileID: 7283870311537755050}
  serializedVersion: 2
  m_Mass: 1
  m_Drag: 0
  m_AngularDrag: 0.05
  m_UseGravity: 0
  m_IsKinematic: 0
  m_Interpolate: 0
  m_Constraints: 0
  m_CollisionDetection: 0
--- !u!65 &3655947639654790790
BoxCollider:
  m_ObjectHideFlags: 0
  m_CorrespondingSourceObject: {fileID: 0}
  m_PrefabInstance: {fileID: 0}
  m_PrefabAsset: {fileID: 0}
  m_GameObject: {fileID: 7283870311537755050}
  m_Material: {fileID: 0}
  m_IsTrigger: 1
  m_Enabled: 1
  serializedVersion: 2
  m_Size: {x: 1.867415, y: 2.4682102, z: 1.8708454}
  m_Center: {x: -0.0000002682209, y: 6.9193, z: 0.001715064}
--- !u!54 &3544851235813465621
Rigidbody:
  m_ObjectHideFlags: 0
  m_CorrespondingSourceObject: {fileID: 0}
  m_PrefabInstance: {fileID: 0}
  m_PrefabAsset: {fileID: 0}
  m_GameObject: {fileID: 7283952251317041790}
  serializedVersion: 2
  m_Mass: 1
  m_Drag: 0
  m_AngularDrag: 0.05
  m_UseGravity: 0
  m_IsKinematic: 0
  m_Interpolate: 0
  m_Constraints: 0
  m_CollisionDetection: 0
--- !u!65 &7279207436367651210
BoxCollider:
  m_ObjectHideFlags: 0
  m_CorrespondingSourceObject: {fileID: 0}
  m_PrefabInstance: {fileID: 0}
  m_PrefabAsset: {fileID: 0}
  m_GameObject: {fileID: 7283952251317041790}
  m_Material: {fileID: 0}
  m_IsTrigger: 1
  m_Enabled: 1
  serializedVersion: 2
  m_Size: {x: 11.87378, y: 8.799997, z: 13.035287}
  m_Center: {x: 4.709698, y: 4.899996, z: 0.00035619736}
--- !u!54 &4460816723241706584
Rigidbody:
  m_ObjectHideFlags: 0
  m_CorrespondingSourceObject: {fileID: 0}
  m_PrefabInstance: {fileID: 0}
  m_PrefabAsset: {fileID: 0}
  m_GameObject: {fileID: 7498974463502093920}
  serializedVersion: 2
  m_Mass: 1
  m_Drag: 0
  m_AngularDrag: 0.05
  m_UseGravity: 0
  m_IsKinematic: 0
  m_Interpolate: 0
  m_Constraints: 0
  m_CollisionDetection: 0
--- !u!65 &707821208493358238
BoxCollider:
  m_ObjectHideFlags: 0
  m_CorrespondingSourceObject: {fileID: 0}
  m_PrefabInstance: {fileID: 0}
  m_PrefabAsset: {fileID: 0}
  m_GameObject: {fileID: 7498974463502093920}
  m_Material: {fileID: 0}
  m_IsTrigger: 1
  m_Enabled: 1
  serializedVersion: 2
  m_Size: {x: 4.0639234, y: 7.0433717, z: 4.0773473}
  m_Center: {x: -0.041887045, y: -1.3201091, z: 0.22334152}
--- !u!54 &5928236201115204267
Rigidbody:
  m_ObjectHideFlags: 0
  m_CorrespondingSourceObject: {fileID: 0}
  m_PrefabInstance: {fileID: 0}
  m_PrefabAsset: {fileID: 0}
  m_GameObject: {fileID: 7901524703520975484}
  serializedVersion: 2
  m_Mass: 1
  m_Drag: 0
  m_AngularDrag: 0.05
  m_UseGravity: 0
  m_IsKinematic: 0
  m_Interpolate: 0
  m_Constraints: 0
  m_CollisionDetection: 0
--- !u!65 &1821306110869609013
BoxCollider:
  m_ObjectHideFlags: 0
  m_CorrespondingSourceObject: {fileID: 0}
  m_PrefabInstance: {fileID: 0}
  m_PrefabAsset: {fileID: 0}
  m_GameObject: {fileID: 7901524703520975484}
  m_Material: {fileID: 0}
  m_IsTrigger: 1
  m_Enabled: 1
  serializedVersion: 2
  m_Size: {x: 16.962076, y: 8.029922, z: 10.578719}
  m_Center: {x: 3.0789402, y: -0.1882211, z: 3.433722}
--- !u!1 &8493312485269003899
GameObject:
  m_ObjectHideFlags: 0
  m_CorrespondingSourceObject: {fileID: 0}
  m_PrefabInstance: {fileID: 0}
  m_PrefabAsset: {fileID: 0}
  serializedVersion: 6
  m_Component:
  - component: {fileID: 8513258948895325197}
  - component: {fileID: 8515617880905943654}
  m_Layer: 0
  m_Name: PlayerSpawnPoint
  m_TagString: Untagged
  m_Icon: {fileID: 0}
  m_NavMeshLayer: 0
  m_StaticEditorFlags: 0
  m_IsActive: 1
--- !u!4 &8513258948895325197
Transform:
  m_ObjectHideFlags: 0
  m_CorrespondingSourceObject: {fileID: 0}
  m_PrefabInstance: {fileID: 0}
  m_PrefabAsset: {fileID: 0}
  m_GameObject: {fileID: 8493312485269003899}
  m_LocalRotation: {x: 0, y: 0, z: 0, w: 1}
  m_LocalPosition: {x: 0, y: 0, z: 0}
  m_LocalScale: {x: 1, y: 1, z: 1}
  m_Children: []
  m_Father: {fileID: 4020528354604420543}
  m_RootOrder: 19
  m_LocalEulerAnglesHint: {x: 0, y: 0, z: 0}
--- !u!114 &8515617880905943654
MonoBehaviour:
  m_ObjectHideFlags: 0
  m_CorrespondingSourceObject: {fileID: 0}
  m_PrefabInstance: {fileID: 0}
  m_PrefabAsset: {fileID: 0}
  m_GameObject: {fileID: 8493312485269003899}
  m_Enabled: 1
  m_EditorHideFlags: 0
  m_Script: {fileID: 11500000, guid: 7e22dba481fd26547b69b5faca84c15b, type: 3}
  m_Name: 
  m_EditorClassIdentifier: 
--- !u!1 &8494883052764520246
GameObject:
  m_ObjectHideFlags: 0
  m_CorrespondingSourceObject: {fileID: 0}
  m_PrefabInstance: {fileID: 0}
  m_PrefabAsset: {fileID: 0}
  serializedVersion: 6
  m_Component:
  - component: {fileID: 1710656566872018806}
  - component: {fileID: 5917418097406280879}
  m_Layer: 0
  m_Name: EnemySpawnPoint
  m_TagString: Untagged
  m_Icon: {fileID: 0}
  m_NavMeshLayer: 0
  m_StaticEditorFlags: 0
  m_IsActive: 1
--- !u!4 &1710656566872018806
Transform:
  m_ObjectHideFlags: 0
  m_CorrespondingSourceObject: {fileID: 0}
  m_PrefabInstance: {fileID: 0}
  m_PrefabAsset: {fileID: 0}
  m_GameObject: {fileID: 8494883052764520246}
  m_LocalRotation: {x: 0, y: 0, z: 0, w: 1}
  m_LocalPosition: {x: 0, y: 0, z: 2.28}
  m_LocalScale: {x: 1, y: 1, z: 1}
  m_Children: []
  m_Father: {fileID: 4020528354604420543}
  m_RootOrder: 18
  m_LocalEulerAnglesHint: {x: 0, y: 0, z: 0}
--- !u!114 &5917418097406280879
MonoBehaviour:
  m_ObjectHideFlags: 0
  m_CorrespondingSourceObject: {fileID: 0}
  m_PrefabInstance: {fileID: 0}
  m_PrefabAsset: {fileID: 0}
  m_GameObject: {fileID: 8494883052764520246}
  m_Enabled: 1
  m_EditorHideFlags: 0
  m_Script: {fileID: 11500000, guid: 008bf8a79b9871643a42e63fc07a0123, type: 3}
  m_Name: 
  m_EditorClassIdentifier: 
--- !u!54 &586177639477552691
Rigidbody:
  m_ObjectHideFlags: 0
  m_CorrespondingSourceObject: {fileID: 0}
  m_PrefabInstance: {fileID: 0}
  m_PrefabAsset: {fileID: 0}
  m_GameObject: {fileID: 8499219581247608108}
  serializedVersion: 2
  m_Mass: 1
  m_Drag: 0
  m_AngularDrag: 0.05
  m_UseGravity: 0
  m_IsKinematic: 0
  m_Interpolate: 0
  m_Constraints: 0
  m_CollisionDetection: 0
--- !u!65 &6927025364670870527
BoxCollider:
  m_ObjectHideFlags: 0
  m_CorrespondingSourceObject: {fileID: 0}
  m_PrefabInstance: {fileID: 0}
  m_PrefabAsset: {fileID: 0}
  m_GameObject: {fileID: 8499219581247608108}
  m_Material: {fileID: 0}
  m_IsTrigger: 1
  m_Enabled: 1
  serializedVersion: 2
  m_Size: {x: 4.0639234, y: 7.0433717, z: 4.0773473}
  m_Center: {x: -0.041887045, y: -1.3201091, z: 0.22334152}
--- !u!54 &4523829101472388574
Rigidbody:
  m_ObjectHideFlags: 0
  m_CorrespondingSourceObject: {fileID: 0}
  m_PrefabInstance: {fileID: 0}
  m_PrefabAsset: {fileID: 0}
  m_GameObject: {fileID: 8678473155504547115}
  serializedVersion: 2
  m_Mass: 1
  m_Drag: 0
  m_AngularDrag: 0.05
  m_UseGravity: 0
  m_IsKinematic: 0
  m_Interpolate: 0
  m_Constraints: 0
  m_CollisionDetection: 0
--- !u!65 &6998546407835014298
BoxCollider:
  m_ObjectHideFlags: 0
  m_CorrespondingSourceObject: {fileID: 0}
  m_PrefabInstance: {fileID: 0}
  m_PrefabAsset: {fileID: 0}
  m_GameObject: {fileID: 8678473155504547115}
  m_Material: {fileID: 0}
  m_IsTrigger: 1
  m_Enabled: 1
  serializedVersion: 2
  m_Size: {x: 4.0639234, y: 7.0433717, z: 4.0773473}
  m_Center: {x: -0.041887045, y: -1.3201091, z: 0.22334152}
--- !u!54 &2686693953828932754
Rigidbody:
  m_ObjectHideFlags: 0
  m_CorrespondingSourceObject: {fileID: 0}
  m_PrefabInstance: {fileID: 0}
  m_PrefabAsset: {fileID: 0}
  m_GameObject: {fileID: 8874072324483525495}
  serializedVersion: 2
  m_Mass: 1
  m_Drag: 0
  m_AngularDrag: 0.05
  m_UseGravity: 0
  m_IsKinematic: 0
  m_Interpolate: 0
  m_Constraints: 0
  m_CollisionDetection: 0
--- !u!1001 &52968098453187445
PrefabInstance:
  m_ObjectHideFlags: 0
  serializedVersion: 2
  m_Modification:
    m_TransformParent: {fileID: 4020528354604420543}
    m_Modifications:
    - target: {fileID: 104966, guid: d0d41b27dd72fc942b10f18f469c371a, type: 3}
      propertyPath: m_Name
      value: Tree 2 (1)
      objectReference: {fileID: 0}
    - target: {fileID: 482704, guid: d0d41b27dd72fc942b10f18f469c371a, type: 3}
      propertyPath: m_LocalPosition.x
      value: -3.218884
      objectReference: {fileID: 0}
    - target: {fileID: 482704, guid: d0d41b27dd72fc942b10f18f469c371a, type: 3}
      propertyPath: m_LocalPosition.y
      value: 0.6126054
      objectReference: {fileID: 0}
    - target: {fileID: 482704, guid: d0d41b27dd72fc942b10f18f469c371a, type: 3}
      propertyPath: m_LocalPosition.z
      value: -4.0636683
      objectReference: {fileID: 0}
    - target: {fileID: 482704, guid: d0d41b27dd72fc942b10f18f469c371a, type: 3}
      propertyPath: m_LocalRotation.x
      value: -0
      objectReference: {fileID: 0}
    - target: {fileID: 482704, guid: d0d41b27dd72fc942b10f18f469c371a, type: 3}
      propertyPath: m_LocalRotation.y
      value: -0
      objectReference: {fileID: 0}
    - target: {fileID: 482704, guid: d0d41b27dd72fc942b10f18f469c371a, type: 3}
      propertyPath: m_LocalRotation.z
      value: -0
      objectReference: {fileID: 0}
    - target: {fileID: 482704, guid: d0d41b27dd72fc942b10f18f469c371a, type: 3}
      propertyPath: m_LocalRotation.w
      value: 1
      objectReference: {fileID: 0}
    - target: {fileID: 482704, guid: d0d41b27dd72fc942b10f18f469c371a, type: 3}
      propertyPath: m_RootOrder
      value: 4
      objectReference: {fileID: 0}
    - target: {fileID: 482704, guid: d0d41b27dd72fc942b10f18f469c371a, type: 3}
      propertyPath: m_LocalEulerAnglesHint.x
      value: 0
      objectReference: {fileID: 0}
    - target: {fileID: 482704, guid: d0d41b27dd72fc942b10f18f469c371a, type: 3}
      propertyPath: m_LocalEulerAnglesHint.y
      value: 0
      objectReference: {fileID: 0}
    - target: {fileID: 482704, guid: d0d41b27dd72fc942b10f18f469c371a, type: 3}
      propertyPath: m_LocalEulerAnglesHint.z
      value: 0
      objectReference: {fileID: 0}
    - target: {fileID: 482704, guid: d0d41b27dd72fc942b10f18f469c371a, type: 3}
      propertyPath: m_LocalScale.x
      value: 0.1
      objectReference: {fileID: 0}
    - target: {fileID: 482704, guid: d0d41b27dd72fc942b10f18f469c371a, type: 3}
      propertyPath: m_LocalScale.y
      value: 0.1
      objectReference: {fileID: 0}
    - target: {fileID: 482704, guid: d0d41b27dd72fc942b10f18f469c371a, type: 3}
      propertyPath: m_LocalScale.z
      value: 0.1
      objectReference: {fileID: 0}
    m_RemovedComponents: []
  m_SourcePrefab: {fileID: 100100000, guid: d0d41b27dd72fc942b10f18f469c371a, type: 3}
--- !u!1 &52968098453221747 stripped
GameObject:
  m_CorrespondingSourceObject: {fileID: 104966, guid: d0d41b27dd72fc942b10f18f469c371a,
    type: 3}
  m_PrefabInstance: {fileID: 52968098453187445}
  m_PrefabAsset: {fileID: 0}
--- !u!4 &52968098453370597 stripped
Transform:
  m_CorrespondingSourceObject: {fileID: 482704, guid: d0d41b27dd72fc942b10f18f469c371a,
    type: 3}
  m_PrefabInstance: {fileID: 52968098453187445}
  m_PrefabAsset: {fileID: 0}
--- !u!1001 &128238882586509689
PrefabInstance:
  m_ObjectHideFlags: 0
  serializedVersion: 2
  m_Modification:
    m_TransformParent: {fileID: 4020528354604420543}
    m_Modifications:
    - target: {fileID: 108142, guid: cc05c3e29b3319444aeeca588e9f3511, type: 3}
      propertyPath: m_Name
      value: Tree (1)
      objectReference: {fileID: 0}
    - target: {fileID: 472052, guid: cc05c3e29b3319444aeeca588e9f3511, type: 3}
      propertyPath: m_LocalPosition.x
      value: 0.47651336
      objectReference: {fileID: 0}
    - target: {fileID: 472052, guid: cc05c3e29b3319444aeeca588e9f3511, type: 3}
      propertyPath: m_LocalPosition.y
      value: 0.5247389
      objectReference: {fileID: 0}
    - target: {fileID: 472052, guid: cc05c3e29b3319444aeeca588e9f3511, type: 3}
      propertyPath: m_LocalPosition.z
      value: 3.1939468
      objectReference: {fileID: 0}
    - target: {fileID: 472052, guid: cc05c3e29b3319444aeeca588e9f3511, type: 3}
      propertyPath: m_LocalRotation.x
      value: -0
      objectReference: {fileID: 0}
    - target: {fileID: 472052, guid: cc05c3e29b3319444aeeca588e9f3511, type: 3}
      propertyPath: m_LocalRotation.y
      value: -0
      objectReference: {fileID: 0}
    - target: {fileID: 472052, guid: cc05c3e29b3319444aeeca588e9f3511, type: 3}
      propertyPath: m_LocalRotation.z
      value: -0
      objectReference: {fileID: 0}
    - target: {fileID: 472052, guid: cc05c3e29b3319444aeeca588e9f3511, type: 3}
      propertyPath: m_LocalRotation.w
      value: 1
      objectReference: {fileID: 0}
    - target: {fileID: 472052, guid: cc05c3e29b3319444aeeca588e9f3511, type: 3}
      propertyPath: m_RootOrder
      value: 8
      objectReference: {fileID: 0}
    - target: {fileID: 472052, guid: cc05c3e29b3319444aeeca588e9f3511, type: 3}
      propertyPath: m_LocalEulerAnglesHint.x
      value: 0
      objectReference: {fileID: 0}
    - target: {fileID: 472052, guid: cc05c3e29b3319444aeeca588e9f3511, type: 3}
      propertyPath: m_LocalEulerAnglesHint.y
      value: 0
      objectReference: {fileID: 0}
    - target: {fileID: 472052, guid: cc05c3e29b3319444aeeca588e9f3511, type: 3}
      propertyPath: m_LocalEulerAnglesHint.z
      value: 0
      objectReference: {fileID: 0}
    - target: {fileID: 472052, guid: cc05c3e29b3319444aeeca588e9f3511, type: 3}
      propertyPath: m_LocalScale.x
      value: 0.1
      objectReference: {fileID: 0}
    - target: {fileID: 472052, guid: cc05c3e29b3319444aeeca588e9f3511, type: 3}
      propertyPath: m_LocalScale.y
      value: 0.1
      objectReference: {fileID: 0}
    - target: {fileID: 472052, guid: cc05c3e29b3319444aeeca588e9f3511, type: 3}
      propertyPath: m_LocalScale.z
      value: 0.1
      objectReference: {fileID: 0}
    m_RemovedComponents: []
  m_SourcePrefab: {fileID: 100100000, guid: cc05c3e29b3319444aeeca588e9f3511, type: 3}
--- !u!4 &128238882586194573 stripped
Transform:
  m_CorrespondingSourceObject: {fileID: 472052, guid: cc05c3e29b3319444aeeca588e9f3511,
    type: 3}
  m_PrefabInstance: {fileID: 128238882586509689}
  m_PrefabAsset: {fileID: 0}
--- !u!1 &128238882586617623 stripped
GameObject:
  m_CorrespondingSourceObject: {fileID: 108142, guid: cc05c3e29b3319444aeeca588e9f3511,
    type: 3}
  m_PrefabInstance: {fileID: 128238882586509689}
  m_PrefabAsset: {fileID: 0}
--- !u!1001 &766604206190002785
PrefabInstance:
  m_ObjectHideFlags: 0
  serializedVersion: 2
  m_Modification:
    m_TransformParent: {fileID: 4020528354604420543}
    m_Modifications:
    - target: {fileID: 1229098199093746, guid: 9108c30404dabe24898918a21fb3f6ec, type: 3}
      propertyPath: m_Name
      value: Trees_6A (1)
      objectReference: {fileID: 0}
    - target: {fileID: 4268732271750166, guid: 9108c30404dabe24898918a21fb3f6ec, type: 3}
      propertyPath: m_LocalPosition.x
      value: -3.9605978
      objectReference: {fileID: 0}
    - target: {fileID: 4268732271750166, guid: 9108c30404dabe24898918a21fb3f6ec, type: 3}
      propertyPath: m_LocalPosition.y
      value: 2.4886162e-17
      objectReference: {fileID: 0}
    - target: {fileID: 4268732271750166, guid: 9108c30404dabe24898918a21fb3f6ec, type: 3}
      propertyPath: m_LocalPosition.z
      value: -0.32096368
      objectReference: {fileID: 0}
    - target: {fileID: 4268732271750166, guid: 9108c30404dabe24898918a21fb3f6ec, type: 3}
      propertyPath: m_LocalRotation.x
      value: -0
      objectReference: {fileID: 0}
    - target: {fileID: 4268732271750166, guid: 9108c30404dabe24898918a21fb3f6ec, type: 3}
      propertyPath: m_LocalRotation.y
      value: -0
      objectReference: {fileID: 0}
    - target: {fileID: 4268732271750166, guid: 9108c30404dabe24898918a21fb3f6ec, type: 3}
      propertyPath: m_LocalRotation.z
      value: -0
      objectReference: {fileID: 0}
    - target: {fileID: 4268732271750166, guid: 9108c30404dabe24898918a21fb3f6ec, type: 3}
      propertyPath: m_LocalRotation.w
      value: 1
      objectReference: {fileID: 0}
    - target: {fileID: 4268732271750166, guid: 9108c30404dabe24898918a21fb3f6ec, type: 3}
      propertyPath: m_RootOrder
      value: 13
      objectReference: {fileID: 0}
    - target: {fileID: 4268732271750166, guid: 9108c30404dabe24898918a21fb3f6ec, type: 3}
      propertyPath: m_LocalEulerAnglesHint.x
      value: 0
      objectReference: {fileID: 0}
    - target: {fileID: 4268732271750166, guid: 9108c30404dabe24898918a21fb3f6ec, type: 3}
      propertyPath: m_LocalEulerAnglesHint.y
      value: 0
      objectReference: {fileID: 0}
    - target: {fileID: 4268732271750166, guid: 9108c30404dabe24898918a21fb3f6ec, type: 3}
      propertyPath: m_LocalEulerAnglesHint.z
      value: 0
      objectReference: {fileID: 0}
    - target: {fileID: 4268732271750166, guid: 9108c30404dabe24898918a21fb3f6ec, type: 3}
      propertyPath: m_LocalScale.x
      value: 0.1
      objectReference: {fileID: 0}
    - target: {fileID: 4268732271750166, guid: 9108c30404dabe24898918a21fb3f6ec, type: 3}
      propertyPath: m_LocalScale.y
      value: 0.1
      objectReference: {fileID: 0}
    - target: {fileID: 4268732271750166, guid: 9108c30404dabe24898918a21fb3f6ec, type: 3}
      propertyPath: m_LocalScale.z
      value: 0.1
      objectReference: {fileID: 0}
    m_RemovedComponents: []
  m_SourcePrefab: {fileID: 100100000, guid: 9108c30404dabe24898918a21fb3f6ec, type: 3}
--- !u!1 &767823799592391571 stripped
GameObject:
  m_CorrespondingSourceObject: {fileID: 1229098199093746, guid: 9108c30404dabe24898918a21fb3f6ec,
    type: 3}
  m_PrefabInstance: {fileID: 766604206190002785}
  m_PrefabAsset: {fileID: 0}
--- !u!4 &769178844446092919 stripped
Transform:
  m_CorrespondingSourceObject: {fileID: 4268732271750166, guid: 9108c30404dabe24898918a21fb3f6ec,
    type: 3}
  m_PrefabInstance: {fileID: 766604206190002785}
  m_PrefabAsset: {fileID: 0}
--- !u!1001 &807067288988246892
PrefabInstance:
  m_ObjectHideFlags: 0
  serializedVersion: 2
  m_Modification:
    m_TransformParent: {fileID: 4020528354604420543}
    m_Modifications:
    - target: {fileID: 108142, guid: cc05c3e29b3319444aeeca588e9f3511, type: 3}
      propertyPath: m_Name
      value: Tree (2)
      objectReference: {fileID: 0}
    - target: {fileID: 472052, guid: cc05c3e29b3319444aeeca588e9f3511, type: 3}
      propertyPath: m_LocalPosition.x
      value: 3.3492448
      objectReference: {fileID: 0}
    - target: {fileID: 472052, guid: cc05c3e29b3319444aeeca588e9f3511, type: 3}
      propertyPath: m_LocalPosition.y
      value: 0.5247389
      objectReference: {fileID: 0}
    - target: {fileID: 472052, guid: cc05c3e29b3319444aeeca588e9f3511, type: 3}
      propertyPath: m_LocalPosition.z
      value: -3.9929128
      objectReference: {fileID: 0}
    - target: {fileID: 472052, guid: cc05c3e29b3319444aeeca588e9f3511, type: 3}
      propertyPath: m_LocalRotation.x
      value: -0
      objectReference: {fileID: 0}
    - target: {fileID: 472052, guid: cc05c3e29b3319444aeeca588e9f3511, type: 3}
      propertyPath: m_LocalRotation.y
      value: -0
      objectReference: {fileID: 0}
    - target: {fileID: 472052, guid: cc05c3e29b3319444aeeca588e9f3511, type: 3}
      propertyPath: m_LocalRotation.z
      value: -0
      objectReference: {fileID: 0}
    - target: {fileID: 472052, guid: cc05c3e29b3319444aeeca588e9f3511, type: 3}
      propertyPath: m_LocalRotation.w
      value: 1
      objectReference: {fileID: 0}
    - target: {fileID: 472052, guid: cc05c3e29b3319444aeeca588e9f3511, type: 3}
      propertyPath: m_RootOrder
      value: 9
      objectReference: {fileID: 0}
    - target: {fileID: 472052, guid: cc05c3e29b3319444aeeca588e9f3511, type: 3}
      propertyPath: m_LocalEulerAnglesHint.x
      value: 0
      objectReference: {fileID: 0}
    - target: {fileID: 472052, guid: cc05c3e29b3319444aeeca588e9f3511, type: 3}
      propertyPath: m_LocalEulerAnglesHint.y
      value: 0
      objectReference: {fileID: 0}
    - target: {fileID: 472052, guid: cc05c3e29b3319444aeeca588e9f3511, type: 3}
      propertyPath: m_LocalEulerAnglesHint.z
      value: 0
      objectReference: {fileID: 0}
    - target: {fileID: 472052, guid: cc05c3e29b3319444aeeca588e9f3511, type: 3}
      propertyPath: m_LocalScale.x
      value: 0.1
      objectReference: {fileID: 0}
    - target: {fileID: 472052, guid: cc05c3e29b3319444aeeca588e9f3511, type: 3}
      propertyPath: m_LocalScale.y
      value: 0.1
      objectReference: {fileID: 0}
    - target: {fileID: 472052, guid: cc05c3e29b3319444aeeca588e9f3511, type: 3}
      propertyPath: m_LocalScale.z
      value: 0.1
      objectReference: {fileID: 0}
    m_RemovedComponents: []
  m_SourcePrefab: {fileID: 100100000, guid: cc05c3e29b3319444aeeca588e9f3511, type: 3}
--- !u!1 &807067288988206338 stripped
GameObject:
  m_CorrespondingSourceObject: {fileID: 108142, guid: cc05c3e29b3319444aeeca588e9f3511,
    type: 3}
  m_PrefabInstance: {fileID: 807067288988246892}
  m_PrefabAsset: {fileID: 0}
--- !u!4 &807067288988307608 stripped
Transform:
  m_CorrespondingSourceObject: {fileID: 472052, guid: cc05c3e29b3319444aeeca588e9f3511,
    type: 3}
  m_PrefabInstance: {fileID: 807067288988246892}
  m_PrefabAsset: {fileID: 0}
--- !u!1001 &1178541641208940353
PrefabInstance:
  m_ObjectHideFlags: 0
  serializedVersion: 2
  m_Modification:
    m_TransformParent: {fileID: 4020528354604420543}
    m_Modifications:
    - target: {fileID: 1974808383920932, guid: e32aaa936bc750a46baf1468a7e955a4, type: 3}
      propertyPath: m_Name
      value: Gas_Station_2A
      objectReference: {fileID: 0}
    - target: {fileID: 4307906653718738, guid: e32aaa936bc750a46baf1468a7e955a4, type: 3}
      propertyPath: m_LocalPosition.x
      value: -0.54714084
      objectReference: {fileID: 0}
    - target: {fileID: 4307906653718738, guid: e32aaa936bc750a46baf1468a7e955a4, type: 3}
      propertyPath: m_LocalPosition.y
      value: 0.04999998
      objectReference: {fileID: 0}
    - target: {fileID: 4307906653718738, guid: e32aaa936bc750a46baf1468a7e955a4, type: 3}
      propertyPath: m_LocalPosition.z
      value: -3.4508214
      objectReference: {fileID: 0}
    - target: {fileID: 4307906653718738, guid: e32aaa936bc750a46baf1468a7e955a4, type: 3}
      propertyPath: m_LocalRotation.x
      value: -0
      objectReference: {fileID: 0}
    - target: {fileID: 4307906653718738, guid: e32aaa936bc750a46baf1468a7e955a4, type: 3}
      propertyPath: m_LocalRotation.y
      value: -0
      objectReference: {fileID: 0}
    - target: {fileID: 4307906653718738, guid: e32aaa936bc750a46baf1468a7e955a4, type: 3}
      propertyPath: m_LocalRotation.z
      value: -0
      objectReference: {fileID: 0}
    - target: {fileID: 4307906653718738, guid: e32aaa936bc750a46baf1468a7e955a4, type: 3}
      propertyPath: m_LocalRotation.w
      value: 1
      objectReference: {fileID: 0}
    - target: {fileID: 4307906653718738, guid: e32aaa936bc750a46baf1468a7e955a4, type: 3}
      propertyPath: m_RootOrder
      value: 15
      objectReference: {fileID: 0}
    - target: {fileID: 4307906653718738, guid: e32aaa936bc750a46baf1468a7e955a4, type: 3}
      propertyPath: m_LocalEulerAnglesHint.x
      value: 0
      objectReference: {fileID: 0}
    - target: {fileID: 4307906653718738, guid: e32aaa936bc750a46baf1468a7e955a4, type: 3}
      propertyPath: m_LocalEulerAnglesHint.y
      value: 0
      objectReference: {fileID: 0}
    - target: {fileID: 4307906653718738, guid: e32aaa936bc750a46baf1468a7e955a4, type: 3}
      propertyPath: m_LocalEulerAnglesHint.z
      value: 0
      objectReference: {fileID: 0}
    - target: {fileID: 4307906653718738, guid: e32aaa936bc750a46baf1468a7e955a4, type: 3}
      propertyPath: m_LocalScale.x
      value: 0.1
      objectReference: {fileID: 0}
    - target: {fileID: 4307906653718738, guid: e32aaa936bc750a46baf1468a7e955a4, type: 3}
      propertyPath: m_LocalScale.y
      value: 0.1
      objectReference: {fileID: 0}
    - target: {fileID: 4307906653718738, guid: e32aaa936bc750a46baf1468a7e955a4, type: 3}
      propertyPath: m_LocalScale.z
      value: 0.1
      objectReference: {fileID: 0}
    m_RemovedComponents:
    - {fileID: 64424783518493674, guid: e32aaa936bc750a46baf1468a7e955a4, type: 3}
  m_SourcePrefab: {fileID: 100100000, guid: e32aaa936bc750a46baf1468a7e955a4, type: 3}
--- !u!1 &1179524621958340663 stripped
GameObject:
  m_CorrespondingSourceObject: {fileID: 1554726804301686, guid: e32aaa936bc750a46baf1468a7e955a4,
    type: 3}
  m_PrefabInstance: {fileID: 1178541641208940353}
  m_PrefabAsset: {fileID: 0}
--- !u!4 &1176648296736870291 stripped
Transform:
  m_CorrespondingSourceObject: {fileID: 4307906653718738, guid: e32aaa936bc750a46baf1468a7e955a4,
    type: 3}
  m_PrefabInstance: {fileID: 1178541641208940353}
  m_PrefabAsset: {fileID: 0}
--- !u!1 &1178817249735490657 stripped
GameObject:
  m_CorrespondingSourceObject: {fileID: 1976285795842848, guid: e32aaa936bc750a46baf1468a7e955a4,
    type: 3}
  m_PrefabInstance: {fileID: 1178541641208940353}
  m_PrefabAsset: {fileID: 0}
--- !u!1001 &4348509954201002404
PrefabInstance:
  m_ObjectHideFlags: 0
  serializedVersion: 2
  m_Modification:
    m_TransformParent: {fileID: 4020528354604420543}
    m_Modifications:
    - target: {fileID: 157518, guid: 9bbf640be1d411f40a73877f7bfbd4c6, type: 3}
      propertyPath: m_Name
      value: Tree 1
      objectReference: {fileID: 0}
    - target: {fileID: 479342, guid: 9bbf640be1d411f40a73877f7bfbd4c6, type: 3}
      propertyPath: m_LocalPosition.x
      value: 2.5799239
      objectReference: {fileID: 0}
    - target: {fileID: 479342, guid: 9bbf640be1d411f40a73877f7bfbd4c6, type: 3}
      propertyPath: m_LocalPosition.y
      value: 0.6903268
      objectReference: {fileID: 0}
    - target: {fileID: 479342, guid: 9bbf640be1d411f40a73877f7bfbd4c6, type: 3}
      propertyPath: m_LocalPosition.z
      value: -3.6854782
      objectReference: {fileID: 0}
    - target: {fileID: 479342, guid: 9bbf640be1d411f40a73877f7bfbd4c6, type: 3}
      propertyPath: m_LocalRotation.x
      value: -0
      objectReference: {fileID: 0}
    - target: {fileID: 479342, guid: 9bbf640be1d411f40a73877f7bfbd4c6, type: 3}
      propertyPath: m_LocalRotation.y
      value: -0
      objectReference: {fileID: 0}
    - target: {fileID: 479342, guid: 9bbf640be1d411f40a73877f7bfbd4c6, type: 3}
      propertyPath: m_LocalRotation.z
      value: -0
      objectReference: {fileID: 0}
    - target: {fileID: 479342, guid: 9bbf640be1d411f40a73877f7bfbd4c6, type: 3}
      propertyPath: m_LocalRotation.w
      value: 1
      objectReference: {fileID: 0}
    - target: {fileID: 479342, guid: 9bbf640be1d411f40a73877f7bfbd4c6, type: 3}
      propertyPath: m_RootOrder
      value: 1
      objectReference: {fileID: 0}
    - target: {fileID: 479342, guid: 9bbf640be1d411f40a73877f7bfbd4c6, type: 3}
      propertyPath: m_LocalEulerAnglesHint.x
      value: 0
      objectReference: {fileID: 0}
    - target: {fileID: 479342, guid: 9bbf640be1d411f40a73877f7bfbd4c6, type: 3}
      propertyPath: m_LocalEulerAnglesHint.y
      value: 0
      objectReference: {fileID: 0}
    - target: {fileID: 479342, guid: 9bbf640be1d411f40a73877f7bfbd4c6, type: 3}
      propertyPath: m_LocalEulerAnglesHint.z
      value: 0
      objectReference: {fileID: 0}
    - target: {fileID: 479342, guid: 9bbf640be1d411f40a73877f7bfbd4c6, type: 3}
      propertyPath: m_LocalScale.x
      value: 0.1
      objectReference: {fileID: 0}
    - target: {fileID: 479342, guid: 9bbf640be1d411f40a73877f7bfbd4c6, type: 3}
      propertyPath: m_LocalScale.y
      value: 0.1
      objectReference: {fileID: 0}
    - target: {fileID: 479342, guid: 9bbf640be1d411f40a73877f7bfbd4c6, type: 3}
      propertyPath: m_LocalScale.z
      value: 0.1
      objectReference: {fileID: 0}
    m_RemovedComponents: []
  m_SourcePrefab: {fileID: 100100000, guid: 9bbf640be1d411f40a73877f7bfbd4c6, type: 3}
--- !u!1 &4348509954200880874 stripped
GameObject:
  m_CorrespondingSourceObject: {fileID: 157518, guid: 9bbf640be1d411f40a73877f7bfbd4c6,
    type: 3}
  m_PrefabInstance: {fileID: 4348509954201002404}
  m_PrefabAsset: {fileID: 0}
--- !u!4 &4348509954200695242 stripped
Transform:
  m_CorrespondingSourceObject: {fileID: 479342, guid: 9bbf640be1d411f40a73877f7bfbd4c6,
    type: 3}
  m_PrefabInstance: {fileID: 4348509954201002404}
  m_PrefabAsset: {fileID: 0}
--- !u!1001 &4569711743216049012
PrefabInstance:
  m_ObjectHideFlags: 0
  serializedVersion: 2
  m_Modification:
    m_TransformParent: {fileID: 4020528354604420543}
    m_Modifications:
    - target: {fileID: 104966, guid: d0d41b27dd72fc942b10f18f469c371a, type: 3}
      propertyPath: m_Name
      value: Tree 2 (3)
      objectReference: {fileID: 0}
    - target: {fileID: 482704, guid: d0d41b27dd72fc942b10f18f469c371a, type: 3}
      propertyPath: m_LocalPosition.x
      value: -3.089855
      objectReference: {fileID: 0}
    - target: {fileID: 482704, guid: d0d41b27dd72fc942b10f18f469c371a, type: 3}
      propertyPath: m_LocalPosition.y
      value: 0.6126054
      objectReference: {fileID: 0}
    - target: {fileID: 482704, guid: d0d41b27dd72fc942b10f18f469c371a, type: 3}
      propertyPath: m_LocalPosition.z
      value: 2.430994
      objectReference: {fileID: 0}
    - target: {fileID: 482704, guid: d0d41b27dd72fc942b10f18f469c371a, type: 3}
      propertyPath: m_LocalRotation.x
      value: -0
      objectReference: {fileID: 0}
    - target: {fileID: 482704, guid: d0d41b27dd72fc942b10f18f469c371a, type: 3}
      propertyPath: m_LocalRotation.y
      value: -0
      objectReference: {fileID: 0}
    - target: {fileID: 482704, guid: d0d41b27dd72fc942b10f18f469c371a, type: 3}
      propertyPath: m_LocalRotation.z
      value: -0
      objectReference: {fileID: 0}
    - target: {fileID: 482704, guid: d0d41b27dd72fc942b10f18f469c371a, type: 3}
      propertyPath: m_LocalRotation.w
      value: 1
      objectReference: {fileID: 0}
    - target: {fileID: 482704, guid: d0d41b27dd72fc942b10f18f469c371a, type: 3}
      propertyPath: m_RootOrder
      value: 7
      objectReference: {fileID: 0}
    - target: {fileID: 482704, guid: d0d41b27dd72fc942b10f18f469c371a, type: 3}
      propertyPath: m_LocalEulerAnglesHint.x
      value: 0
      objectReference: {fileID: 0}
    - target: {fileID: 482704, guid: d0d41b27dd72fc942b10f18f469c371a, type: 3}
      propertyPath: m_LocalEulerAnglesHint.y
      value: 0
      objectReference: {fileID: 0}
    - target: {fileID: 482704, guid: d0d41b27dd72fc942b10f18f469c371a, type: 3}
      propertyPath: m_LocalEulerAnglesHint.z
      value: 0
      objectReference: {fileID: 0}
    - target: {fileID: 482704, guid: d0d41b27dd72fc942b10f18f469c371a, type: 3}
      propertyPath: m_LocalScale.x
      value: 0.1
      objectReference: {fileID: 0}
    - target: {fileID: 482704, guid: d0d41b27dd72fc942b10f18f469c371a, type: 3}
      propertyPath: m_LocalScale.y
      value: 0.1
      objectReference: {fileID: 0}
    - target: {fileID: 482704, guid: d0d41b27dd72fc942b10f18f469c371a, type: 3}
      propertyPath: m_LocalScale.z
      value: 0.1
      objectReference: {fileID: 0}
    m_RemovedComponents: []
  m_SourcePrefab: {fileID: 100100000, guid: d0d41b27dd72fc942b10f18f469c371a, type: 3}
--- !u!4 &4569711743216223972 stripped
Transform:
  m_CorrespondingSourceObject: {fileID: 482704, guid: d0d41b27dd72fc942b10f18f469c371a,
    type: 3}
  m_PrefabInstance: {fileID: 4569711743216049012}
  m_PrefabAsset: {fileID: 0}
--- !u!1 &4569711743216075122 stripped
GameObject:
  m_CorrespondingSourceObject: {fileID: 104966, guid: d0d41b27dd72fc942b10f18f469c371a,
    type: 3}
  m_PrefabInstance: {fileID: 4569711743216049012}
  m_PrefabAsset: {fileID: 0}
--- !u!1001 &4957433338393372835
PrefabInstance:
  m_ObjectHideFlags: 0
  serializedVersion: 2
  m_Modification:
    m_TransformParent: {fileID: 4020528354604420543}
    m_Modifications:
    - target: {fileID: 1229098199093746, guid: 9108c30404dabe24898918a21fb3f6ec, type: 3}
      propertyPath: m_Name
      value: Trees_6A
      objectReference: {fileID: 0}
    - target: {fileID: 4268732271750166, guid: 9108c30404dabe24898918a21fb3f6ec, type: 3}
      propertyPath: m_LocalPosition.x
      value: 3.1865702
      objectReference: {fileID: 0}
    - target: {fileID: 4268732271750166, guid: 9108c30404dabe24898918a21fb3f6ec, type: 3}
      propertyPath: m_LocalPosition.y
      value: 2.5379453e-17
      objectReference: {fileID: 0}
    - target: {fileID: 4268732271750166, guid: 9108c30404dabe24898918a21fb3f6ec, type: 3}
      propertyPath: m_LocalPosition.z
      value: -0.34317952
      objectReference: {fileID: 0}
    - target: {fileID: 4268732271750166, guid: 9108c30404dabe24898918a21fb3f6ec, type: 3}
      propertyPath: m_LocalRotation.x
      value: -0
      objectReference: {fileID: 0}
    - target: {fileID: 4268732271750166, guid: 9108c30404dabe24898918a21fb3f6ec, type: 3}
      propertyPath: m_LocalRotation.y
      value: -0
      objectReference: {fileID: 0}
    - target: {fileID: 4268732271750166, guid: 9108c30404dabe24898918a21fb3f6ec, type: 3}
      propertyPath: m_LocalRotation.z
      value: -0
      objectReference: {fileID: 0}
    - target: {fileID: 4268732271750166, guid: 9108c30404dabe24898918a21fb3f6ec, type: 3}
      propertyPath: m_LocalRotation.w
      value: 1
      objectReference: {fileID: 0}
    - target: {fileID: 4268732271750166, guid: 9108c30404dabe24898918a21fb3f6ec, type: 3}
      propertyPath: m_RootOrder
      value: 12
      objectReference: {fileID: 0}
    - target: {fileID: 4268732271750166, guid: 9108c30404dabe24898918a21fb3f6ec, type: 3}
      propertyPath: m_LocalEulerAnglesHint.x
      value: 0
      objectReference: {fileID: 0}
    - target: {fileID: 4268732271750166, guid: 9108c30404dabe24898918a21fb3f6ec, type: 3}
      propertyPath: m_LocalEulerAnglesHint.y
      value: 0
      objectReference: {fileID: 0}
    - target: {fileID: 4268732271750166, guid: 9108c30404dabe24898918a21fb3f6ec, type: 3}
      propertyPath: m_LocalEulerAnglesHint.z
      value: 0
      objectReference: {fileID: 0}
    - target: {fileID: 4268732271750166, guid: 9108c30404dabe24898918a21fb3f6ec, type: 3}
      propertyPath: m_LocalScale.x
      value: 0.1
      objectReference: {fileID: 0}
    - target: {fileID: 4268732271750166, guid: 9108c30404dabe24898918a21fb3f6ec, type: 3}
      propertyPath: m_LocalScale.y
      value: 0.1
      objectReference: {fileID: 0}
    - target: {fileID: 4268732271750166, guid: 9108c30404dabe24898918a21fb3f6ec, type: 3}
      propertyPath: m_LocalScale.z
      value: 0.1
      objectReference: {fileID: 0}
    m_RemovedComponents: []
  m_SourcePrefab: {fileID: 100100000, guid: 9108c30404dabe24898918a21fb3f6ec, type: 3}
--- !u!4 &4954941697230324917 stripped
Transform:
  m_CorrespondingSourceObject: {fileID: 4268732271750166, guid: 9108c30404dabe24898918a21fb3f6ec,
    type: 3}
  m_PrefabInstance: {fileID: 4957433338393372835}
  m_PrefabAsset: {fileID: 0}
--- !u!1 &4956222937831094609 stripped
GameObject:
  m_CorrespondingSourceObject: {fileID: 1229098199093746, guid: 9108c30404dabe24898918a21fb3f6ec,
    type: 3}
  m_PrefabInstance: {fileID: 4957433338393372835}
  m_PrefabAsset: {fileID: 0}
--- !u!1001 &5324638718969860194
PrefabInstance:
  m_ObjectHideFlags: 0
  serializedVersion: 2
  m_Modification:
    m_TransformParent: {fileID: 4020528354604420543}
    m_Modifications:
    - target: {fileID: 108142, guid: cc05c3e29b3319444aeeca588e9f3511, type: 3}
      propertyPath: m_Name
      value: Tree
      objectReference: {fileID: 0}
    - target: {fileID: 472052, guid: cc05c3e29b3319444aeeca588e9f3511, type: 3}
      propertyPath: m_LocalPosition.x
      value: -3.9904847
      objectReference: {fileID: 0}
    - target: {fileID: 472052, guid: cc05c3e29b3319444aeeca588e9f3511, type: 3}
      propertyPath: m_LocalPosition.y
      value: 0.5247389
      objectReference: {fileID: 0}
    - target: {fileID: 472052, guid: cc05c3e29b3319444aeeca588e9f3511, type: 3}
      propertyPath: m_LocalPosition.z
      value: 1.7723198
      objectReference: {fileID: 0}
    - target: {fileID: 472052, guid: cc05c3e29b3319444aeeca588e9f3511, type: 3}
      propertyPath: m_LocalRotation.x
      value: -0
      objectReference: {fileID: 0}
    - target: {fileID: 472052, guid: cc05c3e29b3319444aeeca588e9f3511, type: 3}
      propertyPath: m_LocalRotation.y
      value: -0
      objectReference: {fileID: 0}
    - target: {fileID: 472052, guid: cc05c3e29b3319444aeeca588e9f3511, type: 3}
      propertyPath: m_LocalRotation.z
      value: -0
      objectReference: {fileID: 0}
    - target: {fileID: 472052, guid: cc05c3e29b3319444aeeca588e9f3511, type: 3}
      propertyPath: m_LocalRotation.w
      value: 1
      objectReference: {fileID: 0}
    - target: {fileID: 472052, guid: cc05c3e29b3319444aeeca588e9f3511, type: 3}
      propertyPath: m_RootOrder
      value: 0
      objectReference: {fileID: 0}
    - target: {fileID: 472052, guid: cc05c3e29b3319444aeeca588e9f3511, type: 3}
      propertyPath: m_LocalEulerAnglesHint.x
      value: 0
      objectReference: {fileID: 0}
    - target: {fileID: 472052, guid: cc05c3e29b3319444aeeca588e9f3511, type: 3}
      propertyPath: m_LocalEulerAnglesHint.y
      value: 0
      objectReference: {fileID: 0}
    - target: {fileID: 472052, guid: cc05c3e29b3319444aeeca588e9f3511, type: 3}
      propertyPath: m_LocalEulerAnglesHint.z
      value: 0
      objectReference: {fileID: 0}
    - target: {fileID: 472052, guid: cc05c3e29b3319444aeeca588e9f3511, type: 3}
      propertyPath: m_LocalScale.x
      value: 0.1
      objectReference: {fileID: 0}
    - target: {fileID: 472052, guid: cc05c3e29b3319444aeeca588e9f3511, type: 3}
      propertyPath: m_LocalScale.y
      value: 0.1
      objectReference: {fileID: 0}
    - target: {fileID: 472052, guid: cc05c3e29b3319444aeeca588e9f3511, type: 3}
      propertyPath: m_LocalScale.z
      value: 0.1
      objectReference: {fileID: 0}
    m_RemovedComponents: []
  m_SourcePrefab: {fileID: 100100000, guid: cc05c3e29b3319444aeeca588e9f3511, type: 3}
--- !u!1 &5324638718969837068 stripped
GameObject:
  m_CorrespondingSourceObject: {fileID: 108142, guid: cc05c3e29b3319444aeeca588e9f3511,
    type: 3}
  m_PrefabInstance: {fileID: 5324638718969860194}
  m_PrefabAsset: {fileID: 0}
--- !u!4 &5324638718969668502 stripped
Transform:
  m_CorrespondingSourceObject: {fileID: 472052, guid: cc05c3e29b3319444aeeca588e9f3511,
    type: 3}
  m_PrefabInstance: {fileID: 5324638718969860194}
  m_PrefabAsset: {fileID: 0}
--- !u!1001 &5603548281730485304
PrefabInstance:
  m_ObjectHideFlags: 0
  serializedVersion: 2
  m_Modification:
    m_TransformParent: {fileID: 4020528354604420543}
    m_Modifications:
    - target: {fileID: 1533162876879106, guid: ca33ebcd6009bea4e8fab1d5b1c34436, type: 3}
      propertyPath: m_Name
      value: Building_7C
      objectReference: {fileID: 0}
    - target: {fileID: 4182266650276672, guid: ca33ebcd6009bea4e8fab1d5b1c34436, type: 3}
      propertyPath: m_LocalPosition.x
      value: -4.384517
      objectReference: {fileID: 0}
    - target: {fileID: 4182266650276672, guid: ca33ebcd6009bea4e8fab1d5b1c34436, type: 3}
      propertyPath: m_LocalPosition.y
      value: 0.00000009775241
      objectReference: {fileID: 0}
    - target: {fileID: 4182266650276672, guid: ca33ebcd6009bea4e8fab1d5b1c34436, type: 3}
      propertyPath: m_LocalPosition.z
      value: -2.835758
      objectReference: {fileID: 0}
    - target: {fileID: 4182266650276672, guid: ca33ebcd6009bea4e8fab1d5b1c34436, type: 3}
      propertyPath: m_LocalRotation.x
      value: -0
      objectReference: {fileID: 0}
    - target: {fileID: 4182266650276672, guid: ca33ebcd6009bea4e8fab1d5b1c34436, type: 3}
      propertyPath: m_LocalRotation.y
      value: -0
      objectReference: {fileID: 0}
    - target: {fileID: 4182266650276672, guid: ca33ebcd6009bea4e8fab1d5b1c34436, type: 3}
      propertyPath: m_LocalRotation.z
      value: -0
      objectReference: {fileID: 0}
    - target: {fileID: 4182266650276672, guid: ca33ebcd6009bea4e8fab1d5b1c34436, type: 3}
      propertyPath: m_LocalRotation.w
      value: 1
      objectReference: {fileID: 0}
    - target: {fileID: 4182266650276672, guid: ca33ebcd6009bea4e8fab1d5b1c34436, type: 3}
      propertyPath: m_RootOrder
      value: 16
      objectReference: {fileID: 0}
    - target: {fileID: 4182266650276672, guid: ca33ebcd6009bea4e8fab1d5b1c34436, type: 3}
      propertyPath: m_LocalEulerAnglesHint.x
      value: 0
      objectReference: {fileID: 0}
    - target: {fileID: 4182266650276672, guid: ca33ebcd6009bea4e8fab1d5b1c34436, type: 3}
      propertyPath: m_LocalEulerAnglesHint.y
      value: 0
      objectReference: {fileID: 0}
    - target: {fileID: 4182266650276672, guid: ca33ebcd6009bea4e8fab1d5b1c34436, type: 3}
      propertyPath: m_LocalEulerAnglesHint.z
      value: 0
      objectReference: {fileID: 0}
    - target: {fileID: 4182266650276672, guid: ca33ebcd6009bea4e8fab1d5b1c34436, type: 3}
      propertyPath: m_LocalScale.x
      value: 0.1
      objectReference: {fileID: 0}
    - target: {fileID: 4182266650276672, guid: ca33ebcd6009bea4e8fab1d5b1c34436, type: 3}
      propertyPath: m_LocalScale.y
      value: 0.1
      objectReference: {fileID: 0}
    - target: {fileID: 4182266650276672, guid: ca33ebcd6009bea4e8fab1d5b1c34436, type: 3}
      propertyPath: m_LocalScale.z
      value: 0.1
      objectReference: {fileID: 0}
    m_RemovedComponents:
    - {fileID: 64742032511687540, guid: ca33ebcd6009bea4e8fab1d5b1c34436, type: 3}
  m_SourcePrefab: {fileID: 100100000, guid: ca33ebcd6009bea4e8fab1d5b1c34436, type: 3}
--- !u!1 &5604376923538132282 stripped
GameObject:
  m_CorrespondingSourceObject: {fileID: 1533162876879106, guid: ca33ebcd6009bea4e8fab1d5b1c34436,
    type: 3}
  m_PrefabInstance: {fileID: 5603548281730485304}
  m_PrefabAsset: {fileID: 0}
--- !u!4 &5606162154970447736 stripped
Transform:
  m_CorrespondingSourceObject: {fileID: 4182266650276672, guid: ca33ebcd6009bea4e8fab1d5b1c34436,
    type: 3}
  m_PrefabInstance: {fileID: 5603548281730485304}
  m_PrefabAsset: {fileID: 0}
--- !u!1001 &5625676086338397800
PrefabInstance:
  m_ObjectHideFlags: 0
  serializedVersion: 2
  m_Modification:
    m_TransformParent: {fileID: 4020528354604420543}
    m_Modifications:
    - target: {fileID: 104966, guid: d0d41b27dd72fc942b10f18f469c371a, type: 3}
      propertyPath: m_Name
      value: Tree 2 (2)
      objectReference: {fileID: 0}
    - target: {fileID: 482704, guid: d0d41b27dd72fc942b10f18f469c371a, type: 3}
      propertyPath: m_LocalPosition.x
      value: 1.9077895
      objectReference: {fileID: 0}
    - target: {fileID: 482704, guid: d0d41b27dd72fc942b10f18f469c371a, type: 3}
      propertyPath: m_LocalPosition.y
      value: 0.6126054
      objectReference: {fileID: 0}
    - target: {fileID: 482704, guid: d0d41b27dd72fc942b10f18f469c371a, type: 3}
      propertyPath: m_LocalPosition.z
      value: -3.6541276
      objectReference: {fileID: 0}
    - target: {fileID: 482704, guid: d0d41b27dd72fc942b10f18f469c371a, type: 3}
      propertyPath: m_LocalRotation.x
      value: -0
      objectReference: {fileID: 0}
    - target: {fileID: 482704, guid: d0d41b27dd72fc942b10f18f469c371a, type: 3}
      propertyPath: m_LocalRotation.y
      value: -0
      objectReference: {fileID: 0}
    - target: {fileID: 482704, guid: d0d41b27dd72fc942b10f18f469c371a, type: 3}
      propertyPath: m_LocalRotation.z
      value: -0
      objectReference: {fileID: 0}
    - target: {fileID: 482704, guid: d0d41b27dd72fc942b10f18f469c371a, type: 3}
      propertyPath: m_LocalRotation.w
      value: 1
      objectReference: {fileID: 0}
    - target: {fileID: 482704, guid: d0d41b27dd72fc942b10f18f469c371a, type: 3}
      propertyPath: m_RootOrder
      value: 6
      objectReference: {fileID: 0}
    - target: {fileID: 482704, guid: d0d41b27dd72fc942b10f18f469c371a, type: 3}
      propertyPath: m_LocalEulerAnglesHint.x
      value: 0
      objectReference: {fileID: 0}
    - target: {fileID: 482704, guid: d0d41b27dd72fc942b10f18f469c371a, type: 3}
      propertyPath: m_LocalEulerAnglesHint.y
      value: 0
      objectReference: {fileID: 0}
    - target: {fileID: 482704, guid: d0d41b27dd72fc942b10f18f469c371a, type: 3}
      propertyPath: m_LocalEulerAnglesHint.z
      value: 0
      objectReference: {fileID: 0}
    - target: {fileID: 482704, guid: d0d41b27dd72fc942b10f18f469c371a, type: 3}
      propertyPath: m_LocalScale.x
      value: 0.1
      objectReference: {fileID: 0}
    - target: {fileID: 482704, guid: d0d41b27dd72fc942b10f18f469c371a, type: 3}
      propertyPath: m_LocalScale.y
      value: 0.1
      objectReference: {fileID: 0}
    - target: {fileID: 482704, guid: d0d41b27dd72fc942b10f18f469c371a, type: 3}
      propertyPath: m_LocalScale.z
      value: 0.1
      objectReference: {fileID: 0}
    m_RemovedComponents: []
  m_SourcePrefab: {fileID: 100100000, guid: d0d41b27dd72fc942b10f18f469c371a, type: 3}
--- !u!1 &5625676086338501742 stripped
GameObject:
  m_CorrespondingSourceObject: {fileID: 104966, guid: d0d41b27dd72fc942b10f18f469c371a,
    type: 3}
  m_PrefabInstance: {fileID: 5625676086338397800}
  m_PrefabAsset: {fileID: 0}
--- !u!4 &5625676086338354168 stripped
Transform:
  m_CorrespondingSourceObject: {fileID: 482704, guid: d0d41b27dd72fc942b10f18f469c371a,
    type: 3}
  m_PrefabInstance: {fileID: 5625676086338397800}
  m_PrefabAsset: {fileID: 0}
--- !u!1001 &6910768463881353390
PrefabInstance:
  m_ObjectHideFlags: 0
  serializedVersion: 2
  m_Modification:
    m_TransformParent: {fileID: 4020528354604420543}
    m_Modifications:
    - target: {fileID: 129910, guid: 3d621f7fb6bc6664ea5a31c41966627c, type: 3}
      propertyPath: m_Name
      value: Tree 3 (2)
      objectReference: {fileID: 0}
    - target: {fileID: 487514, guid: 3d621f7fb6bc6664ea5a31c41966627c, type: 3}
      propertyPath: m_LocalPosition.x
      value: -3.508183
      objectReference: {fileID: 0}
    - target: {fileID: 487514, guid: 3d621f7fb6bc6664ea5a31c41966627c, type: 3}
      propertyPath: m_LocalPosition.y
      value: 0.4841795
      objectReference: {fileID: 0}
    - target: {fileID: 487514, guid: 3d621f7fb6bc6664ea5a31c41966627c, type: 3}
      propertyPath: m_LocalPosition.z
      value: 2.012802
      objectReference: {fileID: 0}
    - target: {fileID: 487514, guid: 3d621f7fb6bc6664ea5a31c41966627c, type: 3}
      propertyPath: m_LocalRotation.x
      value: -0
      objectReference: {fileID: 0}
    - target: {fileID: 487514, guid: 3d621f7fb6bc6664ea5a31c41966627c, type: 3}
      propertyPath: m_LocalRotation.y
      value: -0
      objectReference: {fileID: 0}
    - target: {fileID: 487514, guid: 3d621f7fb6bc6664ea5a31c41966627c, type: 3}
      propertyPath: m_LocalRotation.z
      value: -0
      objectReference: {fileID: 0}
    - target: {fileID: 487514, guid: 3d621f7fb6bc6664ea5a31c41966627c, type: 3}
      propertyPath: m_LocalRotation.w
      value: 1
      objectReference: {fileID: 0}
    - target: {fileID: 487514, guid: 3d621f7fb6bc6664ea5a31c41966627c, type: 3}
      propertyPath: m_RootOrder
      value: 10
      objectReference: {fileID: 0}
    - target: {fileID: 487514, guid: 3d621f7fb6bc6664ea5a31c41966627c, type: 3}
      propertyPath: m_LocalEulerAnglesHint.x
      value: 0
      objectReference: {fileID: 0}
    - target: {fileID: 487514, guid: 3d621f7fb6bc6664ea5a31c41966627c, type: 3}
      propertyPath: m_LocalEulerAnglesHint.y
      value: 0
      objectReference: {fileID: 0}
    - target: {fileID: 487514, guid: 3d621f7fb6bc6664ea5a31c41966627c, type: 3}
      propertyPath: m_LocalEulerAnglesHint.z
      value: 0
      objectReference: {fileID: 0}
    - target: {fileID: 487514, guid: 3d621f7fb6bc6664ea5a31c41966627c, type: 3}
      propertyPath: m_LocalScale.x
      value: 0.1
      objectReference: {fileID: 0}
    - target: {fileID: 487514, guid: 3d621f7fb6bc6664ea5a31c41966627c, type: 3}
      propertyPath: m_LocalScale.y
      value: 0.1
      objectReference: {fileID: 0}
    - target: {fileID: 487514, guid: 3d621f7fb6bc6664ea5a31c41966627c, type: 3}
      propertyPath: m_LocalScale.z
      value: 0.1
      objectReference: {fileID: 0}
    m_RemovedComponents: []
  m_SourcePrefab: {fileID: 100100000, guid: 3d621f7fb6bc6664ea5a31c41966627c, type: 3}
--- !u!4 &6910768463881029876 stripped
Transform:
  m_CorrespondingSourceObject: {fileID: 487514, guid: 3d621f7fb6bc6664ea5a31c41966627c,
    type: 3}
  m_PrefabInstance: {fileID: 6910768463881353390}
  m_PrefabAsset: {fileID: 0}
--- !u!1 &6910768463881389016 stripped
GameObject:
  m_CorrespondingSourceObject: {fileID: 129910, guid: 3d621f7fb6bc6664ea5a31c41966627c,
    type: 3}
  m_PrefabInstance: {fileID: 6910768463881353390}
  m_PrefabAsset: {fileID: 0}
--- !u!1001 &7282624423895009918
PrefabInstance:
  m_ObjectHideFlags: 0
  serializedVersion: 2
  m_Modification:
    m_TransformParent: {fileID: 4020528354604420543}
    m_Modifications:
    - target: {fileID: 1761376964585756, guid: 97e9c33c57ac8e943a1a1b8851b9ff21, type: 3}
      propertyPath: m_Name
      value: Gas_Station_1A
      objectReference: {fileID: 0}
    - target: {fileID: 4124084601044940, guid: 97e9c33c57ac8e943a1a1b8851b9ff21, type: 3}
      propertyPath: m_LocalPosition.x
      value: -0.49068967
      objectReference: {fileID: 0}
    - target: {fileID: 4124084601044940, guid: 97e9c33c57ac8e943a1a1b8851b9ff21, type: 3}
      propertyPath: m_LocalPosition.y
      value: 0.00000034213335
      objectReference: {fileID: 0}
    - target: {fileID: 4124084601044940, guid: 97e9c33c57ac8e943a1a1b8851b9ff21, type: 3}
      propertyPath: m_LocalPosition.z
      value: -0.4194357
      objectReference: {fileID: 0}
    - target: {fileID: 4124084601044940, guid: 97e9c33c57ac8e943a1a1b8851b9ff21, type: 3}
      propertyPath: m_LocalRotation.x
      value: -0
      objectReference: {fileID: 0}
    - target: {fileID: 4124084601044940, guid: 97e9c33c57ac8e943a1a1b8851b9ff21, type: 3}
      propertyPath: m_LocalRotation.y
      value: -0
      objectReference: {fileID: 0}
    - target: {fileID: 4124084601044940, guid: 97e9c33c57ac8e943a1a1b8851b9ff21, type: 3}
      propertyPath: m_LocalRotation.z
      value: -0
      objectReference: {fileID: 0}
    - target: {fileID: 4124084601044940, guid: 97e9c33c57ac8e943a1a1b8851b9ff21, type: 3}
      propertyPath: m_LocalRotation.w
      value: 1
      objectReference: {fileID: 0}
    - target: {fileID: 4124084601044940, guid: 97e9c33c57ac8e943a1a1b8851b9ff21, type: 3}
      propertyPath: m_RootOrder
      value: 14
      objectReference: {fileID: 0}
    - target: {fileID: 4124084601044940, guid: 97e9c33c57ac8e943a1a1b8851b9ff21, type: 3}
      propertyPath: m_LocalEulerAnglesHint.x
      value: 0
      objectReference: {fileID: 0}
    - target: {fileID: 4124084601044940, guid: 97e9c33c57ac8e943a1a1b8851b9ff21, type: 3}
      propertyPath: m_LocalEulerAnglesHint.y
      value: 0
      objectReference: {fileID: 0}
    - target: {fileID: 4124084601044940, guid: 97e9c33c57ac8e943a1a1b8851b9ff21, type: 3}
      propertyPath: m_LocalEulerAnglesHint.z
      value: 0
      objectReference: {fileID: 0}
    - target: {fileID: 4124084601044940, guid: 97e9c33c57ac8e943a1a1b8851b9ff21, type: 3}
      propertyPath: m_LocalScale.x
      value: 0.1
      objectReference: {fileID: 0}
    - target: {fileID: 4124084601044940, guid: 97e9c33c57ac8e943a1a1b8851b9ff21, type: 3}
      propertyPath: m_LocalScale.y
      value: 0.1
      objectReference: {fileID: 0}
    - target: {fileID: 4124084601044940, guid: 97e9c33c57ac8e943a1a1b8851b9ff21, type: 3}
      propertyPath: m_LocalScale.z
      value: 0.1
      objectReference: {fileID: 0}
    m_RemovedComponents:
    - {fileID: 64260180938945682, guid: 97e9c33c57ac8e943a1a1b8851b9ff21, type: 3}
  m_SourcePrefab: {fileID: 100100000, guid: 97e9c33c57ac8e943a1a1b8851b9ff21, type: 3}
--- !u!1 &7283952251317041790 stripped
GameObject:
  m_CorrespondingSourceObject: {fileID: 1371843129782272, guid: 97e9c33c57ac8e943a1a1b8851b9ff21,
    type: 3}
  m_PrefabInstance: {fileID: 7282624423895009918}
  m_PrefabAsset: {fileID: 0}
--- !u!4 &7286738990830695858 stripped
Transform:
  m_CorrespondingSourceObject: {fileID: 4124084601044940, guid: 97e9c33c57ac8e943a1a1b8851b9ff21,
    type: 3}
  m_PrefabInstance: {fileID: 7282624423895009918}
  m_PrefabAsset: {fileID: 0}
--- !u!1 &7283870311537755050 stripped
GameObject:
  m_CorrespondingSourceObject: {fileID: 1289868737006036, guid: 97e9c33c57ac8e943a1a1b8851b9ff21,
    type: 3}
  m_PrefabInstance: {fileID: 7282624423895009918}
  m_PrefabAsset: {fileID: 0}
--- !u!1001 &7498974463502152982
PrefabInstance:
  m_ObjectHideFlags: 0
  serializedVersion: 2
  m_Modification:
    m_TransformParent: {fileID: 4020528354604420543}
    m_Modifications:
    - target: {fileID: 129910, guid: 3d621f7fb6bc6664ea5a31c41966627c, type: 3}
      propertyPath: m_Name
      value: Tree 3 (1)
      objectReference: {fileID: 0}
    - target: {fileID: 487514, guid: 3d621f7fb6bc6664ea5a31c41966627c, type: 3}
      propertyPath: m_LocalPosition.x
      value: -3.5736349
      objectReference: {fileID: 0}
    - target: {fileID: 487514, guid: 3d621f7fb6bc6664ea5a31c41966627c, type: 3}
      propertyPath: m_LocalPosition.y
      value: 0.4841795
      objectReference: {fileID: 0}
    - target: {fileID: 487514, guid: 3d621f7fb6bc6664ea5a31c41966627c, type: 3}
      propertyPath: m_LocalPosition.z
      value: 3.0985687
      objectReference: {fileID: 0}
    - target: {fileID: 487514, guid: 3d621f7fb6bc6664ea5a31c41966627c, type: 3}
      propertyPath: m_LocalRotation.x
      value: -0
      objectReference: {fileID: 0}
    - target: {fileID: 487514, guid: 3d621f7fb6bc6664ea5a31c41966627c, type: 3}
      propertyPath: m_LocalRotation.y
      value: -0
      objectReference: {fileID: 0}
    - target: {fileID: 487514, guid: 3d621f7fb6bc6664ea5a31c41966627c, type: 3}
      propertyPath: m_LocalRotation.z
      value: -0
      objectReference: {fileID: 0}
    - target: {fileID: 487514, guid: 3d621f7fb6bc6664ea5a31c41966627c, type: 3}
      propertyPath: m_LocalRotation.w
      value: 1
      objectReference: {fileID: 0}
    - target: {fileID: 487514, guid: 3d621f7fb6bc6664ea5a31c41966627c, type: 3}
      propertyPath: m_RootOrder
      value: 5
      objectReference: {fileID: 0}
    - target: {fileID: 487514, guid: 3d621f7fb6bc6664ea5a31c41966627c, type: 3}
      propertyPath: m_LocalEulerAnglesHint.x
      value: 0
      objectReference: {fileID: 0}
    - target: {fileID: 487514, guid: 3d621f7fb6bc6664ea5a31c41966627c, type: 3}
      propertyPath: m_LocalEulerAnglesHint.y
      value: 0
      objectReference: {fileID: 0}
    - target: {fileID: 487514, guid: 3d621f7fb6bc6664ea5a31c41966627c, type: 3}
      propertyPath: m_LocalEulerAnglesHint.z
      value: 0
      objectReference: {fileID: 0}
    - target: {fileID: 487514, guid: 3d621f7fb6bc6664ea5a31c41966627c, type: 3}
      propertyPath: m_LocalScale.x
      value: 0.1
      objectReference: {fileID: 0}
    - target: {fileID: 487514, guid: 3d621f7fb6bc6664ea5a31c41966627c, type: 3}
      propertyPath: m_LocalScale.y
      value: 0.1
      objectReference: {fileID: 0}
    - target: {fileID: 487514, guid: 3d621f7fb6bc6664ea5a31c41966627c, type: 3}
      propertyPath: m_LocalScale.z
      value: 0.1
      objectReference: {fileID: 0}
    m_RemovedComponents: []
  m_SourcePrefab: {fileID: 100100000, guid: 3d621f7fb6bc6664ea5a31c41966627c, type: 3}
--- !u!1 &7498974463502093920 stripped
GameObject:
  m_CorrespondingSourceObject: {fileID: 129910, guid: 3d621f7fb6bc6664ea5a31c41966627c,
    type: 3}
  m_PrefabInstance: {fileID: 7498974463502152982}
  m_PrefabAsset: {fileID: 0}
--- !u!4 &7498974463501927756 stripped
Transform:
  m_CorrespondingSourceObject: {fileID: 487514, guid: 3d621f7fb6bc6664ea5a31c41966627c,
    type: 3}
  m_PrefabInstance: {fileID: 7498974463502152982}
  m_PrefabAsset: {fileID: 0}
--- !u!1001 &7901524703520874480
PrefabInstance:
  m_ObjectHideFlags: 0
  serializedVersion: 2
  m_Modification:
    m_TransformParent: {fileID: 4020528354604420543}
    m_Modifications:
    - target: {fileID: 177548, guid: 8ced8772a0380c643a2733f587421c1c, type: 3}
      propertyPath: m_Name
      value: House Medium
      objectReference: {fileID: 0}
    - target: {fileID: 494596, guid: 8ced8772a0380c643a2733f587421c1c, type: 3}
      propertyPath: m_LocalPosition.x
      value: 1.8643521
      objectReference: {fileID: 0}
    - target: {fileID: 494596, guid: 8ced8772a0380c643a2733f587421c1c, type: 3}
      propertyPath: m_LocalPosition.y
      value: 0.4203182
      objectReference: {fileID: 0}
    - target: {fileID: 494596, guid: 8ced8772a0380c643a2733f587421c1c, type: 3}
      propertyPath: m_LocalPosition.z
      value: 2.3819427
      objectReference: {fileID: 0}
    - target: {fileID: 494596, guid: 8ced8772a0380c643a2733f587421c1c, type: 3}
      propertyPath: m_LocalRotation.x
      value: -0
      objectReference: {fileID: 0}
    - target: {fileID: 494596, guid: 8ced8772a0380c643a2733f587421c1c, type: 3}
      propertyPath: m_LocalRotation.y
      value: -0
      objectReference: {fileID: 0}
    - target: {fileID: 494596, guid: 8ced8772a0380c643a2733f587421c1c, type: 3}
      propertyPath: m_LocalRotation.z
      value: -0
      objectReference: {fileID: 0}
    - target: {fileID: 494596, guid: 8ced8772a0380c643a2733f587421c1c, type: 3}
      propertyPath: m_LocalRotation.w
      value: 1
      objectReference: {fileID: 0}
    - target: {fileID: 494596, guid: 8ced8772a0380c643a2733f587421c1c, type: 3}
      propertyPath: m_RootOrder
      value: 3
      objectReference: {fileID: 0}
    - target: {fileID: 494596, guid: 8ced8772a0380c643a2733f587421c1c, type: 3}
      propertyPath: m_LocalEulerAnglesHint.x
      value: 0
      objectReference: {fileID: 0}
    - target: {fileID: 494596, guid: 8ced8772a0380c643a2733f587421c1c, type: 3}
      propertyPath: m_LocalEulerAnglesHint.y
      value: 0
      objectReference: {fileID: 0}
    - target: {fileID: 494596, guid: 8ced8772a0380c643a2733f587421c1c, type: 3}
      propertyPath: m_LocalEulerAnglesHint.z
      value: 0
      objectReference: {fileID: 0}
    - target: {fileID: 494596, guid: 8ced8772a0380c643a2733f587421c1c, type: 3}
      propertyPath: m_LocalScale.x
      value: 0.1
      objectReference: {fileID: 0}
    - target: {fileID: 494596, guid: 8ced8772a0380c643a2733f587421c1c, type: 3}
      propertyPath: m_LocalScale.y
      value: 0.1
      objectReference: {fileID: 0}
    - target: {fileID: 494596, guid: 8ced8772a0380c643a2733f587421c1c, type: 3}
      propertyPath: m_LocalScale.z
      value: 0.1
      objectReference: {fileID: 0}
    m_RemovedComponents: []
  m_SourcePrefab: {fileID: 100100000, guid: 8ced8772a0380c643a2733f587421c1c, type: 3}
--- !u!4 &7901524703520642036 stripped
Transform:
  m_CorrespondingSourceObject: {fileID: 494596, guid: 8ced8772a0380c643a2733f587421c1c,
    type: 3}
  m_PrefabInstance: {fileID: 7901524703520874480}
  m_PrefabAsset: {fileID: 0}
--- !u!1 &7901524703520975484 stripped
GameObject:
  m_CorrespondingSourceObject: {fileID: 177548, guid: 8ced8772a0380c643a2733f587421c1c,
    type: 3}
  m_PrefabInstance: {fileID: 7901524703520874480}
  m_PrefabAsset: {fileID: 0}
--- !u!1001 &8499219581247630938
PrefabInstance:
  m_ObjectHideFlags: 0
  serializedVersion: 2
  m_Modification:
    m_TransformParent: {fileID: 4020528354604420543}
    m_Modifications:
    - target: {fileID: 129910, guid: 3d621f7fb6bc6664ea5a31c41966627c, type: 3}
      propertyPath: m_Name
      value: Tree 3
      objectReference: {fileID: 0}
    - target: {fileID: 487514, guid: 3d621f7fb6bc6664ea5a31c41966627c, type: 3}
      propertyPath: m_LocalPosition.x
      value: -2.755454
      objectReference: {fileID: 0}
    - target: {fileID: 487514, guid: 3d621f7fb6bc6664ea5a31c41966627c, type: 3}
      propertyPath: m_LocalPosition.y
      value: 0.4841795
      objectReference: {fileID: 0}
    - target: {fileID: 487514, guid: 3d621f7fb6bc6664ea5a31c41966627c, type: 3}
      propertyPath: m_LocalPosition.z
      value: 3.367556
      objectReference: {fileID: 0}
    - target: {fileID: 487514, guid: 3d621f7fb6bc6664ea5a31c41966627c, type: 3}
      propertyPath: m_LocalRotation.x
      value: -0
      objectReference: {fileID: 0}
    - target: {fileID: 487514, guid: 3d621f7fb6bc6664ea5a31c41966627c, type: 3}
      propertyPath: m_LocalRotation.y
      value: -0
      objectReference: {fileID: 0}
    - target: {fileID: 487514, guid: 3d621f7fb6bc6664ea5a31c41966627c, type: 3}
      propertyPath: m_LocalRotation.z
      value: -0
      objectReference: {fileID: 0}
    - target: {fileID: 487514, guid: 3d621f7fb6bc6664ea5a31c41966627c, type: 3}
      propertyPath: m_LocalRotation.w
      value: 1
      objectReference: {fileID: 0}
    - target: {fileID: 487514, guid: 3d621f7fb6bc6664ea5a31c41966627c, type: 3}
      propertyPath: m_RootOrder
      value: 2
      objectReference: {fileID: 0}
    - target: {fileID: 487514, guid: 3d621f7fb6bc6664ea5a31c41966627c, type: 3}
      propertyPath: m_LocalEulerAnglesHint.x
      value: 0
      objectReference: {fileID: 0}
    - target: {fileID: 487514, guid: 3d621f7fb6bc6664ea5a31c41966627c, type: 3}
      propertyPath: m_LocalEulerAnglesHint.y
      value: 0
      objectReference: {fileID: 0}
    - target: {fileID: 487514, guid: 3d621f7fb6bc6664ea5a31c41966627c, type: 3}
      propertyPath: m_LocalEulerAnglesHint.z
      value: 0
      objectReference: {fileID: 0}
    - target: {fileID: 487514, guid: 3d621f7fb6bc6664ea5a31c41966627c, type: 3}
      propertyPath: m_LocalScale.x
      value: 0.1
      objectReference: {fileID: 0}
    - target: {fileID: 487514, guid: 3d621f7fb6bc6664ea5a31c41966627c, type: 3}
      propertyPath: m_LocalScale.y
      value: 0.1
      objectReference: {fileID: 0}
    - target: {fileID: 487514, guid: 3d621f7fb6bc6664ea5a31c41966627c, type: 3}
      propertyPath: m_LocalScale.z
      value: 0.1
      objectReference: {fileID: 0}
    m_RemovedComponents: []
  m_SourcePrefab: {fileID: 100100000, guid: 3d621f7fb6bc6664ea5a31c41966627c, type: 3}
--- !u!1 &8499219581247608108 stripped
GameObject:
  m_CorrespondingSourceObject: {fileID: 129910, guid: 3d621f7fb6bc6664ea5a31c41966627c,
    type: 3}
  m_PrefabInstance: {fileID: 8499219581247630938}
  m_PrefabAsset: {fileID: 0}
--- !u!4 &8499219581247184384 stripped
Transform:
  m_CorrespondingSourceObject: {fileID: 487514, guid: 3d621f7fb6bc6664ea5a31c41966627c,
    type: 3}
  m_PrefabInstance: {fileID: 8499219581247630938}
  m_PrefabAsset: {fileID: 0}
--- !u!1001 &8678473155504594525
PrefabInstance:
  m_ObjectHideFlags: 0
  serializedVersion: 2
  m_Modification:
    m_TransformParent: {fileID: 4020528354604420543}
    m_Modifications:
    - target: {fileID: 129910, guid: 3d621f7fb6bc6664ea5a31c41966627c, type: 3}
      propertyPath: m_Name
      value: Tree 3 (3)
      objectReference: {fileID: 0}
    - target: {fileID: 487514, guid: 3d621f7fb6bc6664ea5a31c41966627c, type: 3}
      propertyPath: m_LocalPosition.x
      value: -2.3467588
      objectReference: {fileID: 0}
    - target: {fileID: 487514, guid: 3d621f7fb6bc6664ea5a31c41966627c, type: 3}
      propertyPath: m_LocalPosition.y
      value: 0.4841795
      objectReference: {fileID: 0}
    - target: {fileID: 487514, guid: 3d621f7fb6bc6664ea5a31c41966627c, type: 3}
      propertyPath: m_LocalPosition.z
      value: -4.1403475
      objectReference: {fileID: 0}
    - target: {fileID: 487514, guid: 3d621f7fb6bc6664ea5a31c41966627c, type: 3}
      propertyPath: m_LocalRotation.x
      value: -0
      objectReference: {fileID: 0}
    - target: {fileID: 487514, guid: 3d621f7fb6bc6664ea5a31c41966627c, type: 3}
      propertyPath: m_LocalRotation.y
      value: -0
      objectReference: {fileID: 0}
    - target: {fileID: 487514, guid: 3d621f7fb6bc6664ea5a31c41966627c, type: 3}
      propertyPath: m_LocalRotation.z
      value: -0
      objectReference: {fileID: 0}
    - target: {fileID: 487514, guid: 3d621f7fb6bc6664ea5a31c41966627c, type: 3}
      propertyPath: m_LocalRotation.w
      value: 1
      objectReference: {fileID: 0}
    - target: {fileID: 487514, guid: 3d621f7fb6bc6664ea5a31c41966627c, type: 3}
      propertyPath: m_RootOrder
      value: 11
      objectReference: {fileID: 0}
    - target: {fileID: 487514, guid: 3d621f7fb6bc6664ea5a31c41966627c, type: 3}
      propertyPath: m_LocalEulerAnglesHint.x
      value: 0
      objectReference: {fileID: 0}
    - target: {fileID: 487514, guid: 3d621f7fb6bc6664ea5a31c41966627c, type: 3}
      propertyPath: m_LocalEulerAnglesHint.y
      value: 0
      objectReference: {fileID: 0}
    - target: {fileID: 487514, guid: 3d621f7fb6bc6664ea5a31c41966627c, type: 3}
      propertyPath: m_LocalEulerAnglesHint.z
      value: 0
      objectReference: {fileID: 0}
    - target: {fileID: 487514, guid: 3d621f7fb6bc6664ea5a31c41966627c, type: 3}
      propertyPath: m_LocalScale.x
      value: 0.1
      objectReference: {fileID: 0}
    - target: {fileID: 487514, guid: 3d621f7fb6bc6664ea5a31c41966627c, type: 3}
      propertyPath: m_LocalScale.y
      value: 0.1
      objectReference: {fileID: 0}
    - target: {fileID: 487514, guid: 3d621f7fb6bc6664ea5a31c41966627c, type: 3}
      propertyPath: m_LocalScale.z
      value: 0.1
      objectReference: {fileID: 0}
    m_RemovedComponents: []
  m_SourcePrefab: {fileID: 100100000, guid: 3d621f7fb6bc6664ea5a31c41966627c, type: 3}
--- !u!1 &8678473155504547115 stripped
GameObject:
  m_CorrespondingSourceObject: {fileID: 129910, guid: 3d621f7fb6bc6664ea5a31c41966627c,
    type: 3}
  m_PrefabInstance: {fileID: 8678473155504594525}
  m_PrefabAsset: {fileID: 0}
--- !u!4 &8678473155504385543 stripped
Transform:
  m_CorrespondingSourceObject: {fileID: 487514, guid: 3d621f7fb6bc6664ea5a31c41966627c,
    type: 3}
  m_PrefabInstance: {fileID: 8678473155504594525}
  m_PrefabAsset: {fileID: 0}
--- !u!1001 &8872478573017307941
PrefabInstance:
  m_ObjectHideFlags: 0
  serializedVersion: 2
  m_Modification:
    m_TransformParent: {fileID: 4020528354604420543}
    m_Modifications:
    - target: {fileID: 1804864812298322, guid: b5a3243d18d43d4489e81103fae5d5e1, type: 3}
      propertyPath: m_Name
      value: Tree_7C
      objectReference: {fileID: 0}
    - target: {fileID: 4991504705637490, guid: b5a3243d18d43d4489e81103fae5d5e1, type: 3}
      propertyPath: m_LocalPosition.x
      value: -4.3946824
      objectReference: {fileID: 0}
    - target: {fileID: 4991504705637490, guid: b5a3243d18d43d4489e81103fae5d5e1, type: 3}
      propertyPath: m_LocalPosition.y
      value: 0.046239052
      objectReference: {fileID: 0}
    - target: {fileID: 4991504705637490, guid: b5a3243d18d43d4489e81103fae5d5e1, type: 3}
      propertyPath: m_LocalPosition.z
      value: -3.9038498
      objectReference: {fileID: 0}
    - target: {fileID: 4991504705637490, guid: b5a3243d18d43d4489e81103fae5d5e1, type: 3}
      propertyPath: m_LocalRotation.x
      value: -0
      objectReference: {fileID: 0}
    - target: {fileID: 4991504705637490, guid: b5a3243d18d43d4489e81103fae5d5e1, type: 3}
      propertyPath: m_LocalRotation.y
      value: -0
      objectReference: {fileID: 0}
    - target: {fileID: 4991504705637490, guid: b5a3243d18d43d4489e81103fae5d5e1, type: 3}
      propertyPath: m_LocalRotation.z
      value: -0
      objectReference: {fileID: 0}
    - target: {fileID: 4991504705637490, guid: b5a3243d18d43d4489e81103fae5d5e1, type: 3}
      propertyPath: m_LocalRotation.w
      value: 1
      objectReference: {fileID: 0}
    - target: {fileID: 4991504705637490, guid: b5a3243d18d43d4489e81103fae5d5e1, type: 3}
      propertyPath: m_RootOrder
      value: 17
      objectReference: {fileID: 0}
    - target: {fileID: 4991504705637490, guid: b5a3243d18d43d4489e81103fae5d5e1, type: 3}
      propertyPath: m_LocalEulerAnglesHint.x
      value: 0
      objectReference: {fileID: 0}
    - target: {fileID: 4991504705637490, guid: b5a3243d18d43d4489e81103fae5d5e1, type: 3}
      propertyPath: m_LocalEulerAnglesHint.y
      value: 0
      objectReference: {fileID: 0}
    - target: {fileID: 4991504705637490, guid: b5a3243d18d43d4489e81103fae5d5e1, type: 3}
      propertyPath: m_LocalEulerAnglesHint.z
      value: 0
      objectReference: {fileID: 0}
    - target: {fileID: 4991504705637490, guid: b5a3243d18d43d4489e81103fae5d5e1, type: 3}
      propertyPath: m_LocalScale.x
      value: 0.1
      objectReference: {fileID: 0}
    - target: {fileID: 4991504705637490, guid: b5a3243d18d43d4489e81103fae5d5e1, type: 3}
      propertyPath: m_LocalScale.y
      value: 0.1
      objectReference: {fileID: 0}
    - target: {fileID: 4991504705637490, guid: b5a3243d18d43d4489e81103fae5d5e1, type: 3}
      propertyPath: m_LocalScale.z
      value: 0.1
      objectReference: {fileID: 0}
    - target: {fileID: 65098581008252164, guid: b5a3243d18d43d4489e81103fae5d5e1,
        type: 3}
      propertyPath: m_IsTrigger
      value: 1
      objectReference: {fileID: 0}
    m_RemovedComponents: []
  m_SourcePrefab: {fileID: 100100000, guid: b5a3243d18d43d4489e81103fae5d5e1, type: 3}
--- !u!1 &8874072324483525495 stripped
GameObject:
  m_CorrespondingSourceObject: {fileID: 1804864812298322, guid: b5a3243d18d43d4489e81103fae5d5e1,
    type: 3}
  m_PrefabInstance: {fileID: 8872478573017307941}
  m_PrefabAsset: {fileID: 0}
--- !u!4 &8876836756849809239 stripped
Transform:
  m_CorrespondingSourceObject: {fileID: 4991504705637490, guid: b5a3243d18d43d4489e81103fae5d5e1,
    type: 3}
  m_PrefabInstance: {fileID: 8872478573017307941}
  m_PrefabAsset: {fileID: 0}
